01REMESSA01COBRANCA       661600062425        ANEXO TECNOLOGIA E SISTEMAS EM341BANCO ITAU SA  030215                                                                                                                                                                                                                                                                                                      000001
10209442991000137661600062425    00004565                     000045650000000000000109                     I01NFSE00013506021500000000348003410000001N030215000000000000000230000000000000000000000000000000000000000000000291169227000110IND E COM DE MASSAS ROMENA LTD          RUA NUTRELA 560                         NOVO MUNDO  94075500GRAVATAI       RS                                  00000000 000002
9                                                                                                                                                                                                                                                                                                                                                                                                         000003
