01REMESSA01COBRANCA       661600062425        ANEXO TECNOLOGIA & SISTEMAS EM341BANCO ITAU SA  090115                                                                                                                                                                                                                                                                                                      000001
10209442991000137661600062425    0000                         000044300000000000000109                     I014430      17011500000000650003410000001N090115000000000000000430000000000000000000000000000000000000000000000221490186000184JLF MATERIAIS DE CONSTRUCAO LT          ESTRADA DO MONJOLO 5670                 MONJOLO     95500000SANTO ANTONIO DRS                                  00000000 000002
10209442991000137661600062425    0000                         000044310000000000000109                     I014431      17021500000000650003410000001N090115000000000000000430000000000000000000000000000000000000000000000221490186000184JLF MATERIAIS DE CONSTRUCAO LT          ESTRADA DO MONJOLO 5670                 MONJOLO     95500000SANTO ANTONIO DRS                                  00000000 000003
10209442991000137661600062425    0000                         000044320000000000000109                     I014432      17031500000000600003410000001N090115000000000000000400000000000000000000000000000000000000000000000221490186000184JLF MATERIAIS DE CONSTRUCAO LT          ESTRADA DO MONJOLO 5670                 MONJOLO     95500000SANTO ANTONIO DRS                                  00000000 000004
9                                                                                                                                                                                                                                                                                                                                                                                                         000005
