01REMESSA01COBRANCA       661600062425        ANEXO TECNOLOGIA E SISTEMAS EM341BANCO ITAU SA  090215                                                                                                                                                                                                                                                                                                      000001
10209442991000137661600062425    00004674                     000046740000000000000109                     I01NFE001030/20021500000000120003410000001N090215000000000000000080000000000000000000000000000000000000000000000210709107000167ACJ ENERGIA E CLIMATIZACAO LTD          AV TELMO SILVEIRA DORNELLES 604         JARDIM ATLAN94940250CACHOEIRINHA   RS                                  00000000 000002
10209442991000137661600062425    00004675                     000046750000000000000109                     I01NFE001031/20021500000000088363410000001N090215000000000000000060000000000000000000000000000000000000000000000204015569000181BLASTEC INSTALACOES ELETRICAS           RUA SETE DE SETEMBRO 941                MAJOR PINTO 95540000PALMARES DO SULRS                                  00000000 000003
10209442991000137661600062425    00004676                     000046760000000000000109                     I01NFE001032/20021500000000066003410000001N090215000000000000000040000000000000000000000000000000000000000000000205385071000173BOM CORTE COMERCIO DE MAQUINAS          RUA VISCONDE DO RIO BRANCO 217          FLORESTA    90220230PORTO ALEGRE   RS                                  00000000 000004
10209442991000137661600062425    00004677                     000046770000000000000109                     I01NFE001034/20021500000000054803410000001N090215000000000000000040000000000000000000000000000000000000000000000206195890000110DVR INDUSTRIA COMERCIO DE COMP          RUA CATARINO ANDREATHA 46               IDEAL       93332060NOVO HAMBURGO  RS                                  00000000 000005
10209442991000137661600062425    00004678                     000046780000000000000109                     I01NFE001035/20021500000000054803410000001N090215000000000000000040000000000000000000000000000000000000000000000212070882000140H R METAIS LTDA ME                      RUA CATARINO ANDREATO 46                IDEAL       93332060NOVO HAMBURGO  RS                                  00000000 000006
10209442991000137661600062425    00004679                     000046790000000000000109                     I01NFE001037/20021500000000081403410000001N090215000000000000000050000000000000000000000000000000000000000000000203896574000188KS EQUIPAMENTOS INDUSTRIAIS LT          RUA SANTA FE 327                        SANTA FE    94060100GRAVATAI       RS                                  00000000 000007
10209442991000137661600062425    00004680                     000046800000000000000109                     I01NFE001038/20021500000000082863410000001N090215000000000000000060000000000000000000000000000000000000000000000204625815000117MAGNE SERVICOS E COMERCIO LTDA          RUA CARLOS CHAGAS 281                   ESTANCIA GRA94836200ALVORADA       RS                                  00000000 000008
10209442991000137661600062425    00004681                     000046810000000000000109                     I01NFE001039/20021500000000120003410000001N090215000000000000000080000000000000000000000000000000000000000000000215124197000148MARCELO MORIN NAIMAIER AUTOMAC          R DOUTOR ALFREDO ANGELO FILHO 1002      IGARA       92410535CANOAS         RS                                  00000000 000009
10209442991000137661600062425    00004682                     000046820000000000000109                     I01NFE001040/20021500000000054803410000001N090215000000000000000040000000000000000000000000000000000000000000000294509320000115METALURGICA DRAWANZ LTDA                RUA LUIZ DE AZEVEDO 500                 JARDIM DAS A94197360GRAVATAI       RS                                  00000000 000010
10209442991000137661600062425    00004683                     000046830000000000000109                     I01NFE001041/20021500000000053693410000001N090215000000000000000040000000000000000000000000000000000000000000000204864234000138STILL CAR CENTRO AUTOMOTIVO LT          RUA ANAPIO GOMES 1786                   CENTRO      94010010GRAVATAI       RS                                  00000000 000011
9                                                                                                                                                                                                                                                                                                                                                                                                         000012
