01REMESSA01COBRANCA       661600062425        ANEXO TECNOLOGIA E SISTEMAS EM341BANCO ITAU SA  110215                                                                                                                                                                                                                                                                                                      000001
10209442991000137661600062425    00004684                     000046840000000000000109                     I01ORC001373/01031500000000220153410000001N110215000000000000000150000000000000000000000000000000000000000000000293387546000128HOSP. CLINICAS VETRINARIAS RS           RUA DOUTOR MURTINHO 324                 BOM JESUS   91420070PORTO ALEGRE   RS                                  00000000 000002
10209442991000137661600062425    00004685                     000046850000000000000109                     I01ORC001373/11031500000000220153410000001N110215000000000000000150000000000000000000000000000000000000000000000293387546000128HOSP. CLINICAS VETRINARIAS RS           RUA DOUTOR MURTINHO 324                 BOM JESUS   91420070PORTO ALEGRE   RS                                  00000000 000003
9                                                                                                                                                                                                                                                                                                                                                                                                         000004
