01REMESSA01COBRANCA       661600062425        ANEXO TECNOLOGIA E SISTEMAS EM341BANCO ITAU SA  140415                                                                                                                                                                                                                                                                                                      000001
10209442991000137661600062425    00004921                     000049210000000000000109                     I01NFSE00018230041500000002760003410000001N140415000000000000001840000000000000000000000000000000000000000000000206049694000138SANDRO MARTINS                          RUA INDEPENDENCIA 945                   CENTRO      93010003SAO LEOPOLDO   RS                                  00000000 000002
10209442991000137661600062425    00004922                     000049220000000000000109                     I01NFSE00018320041500000002760003410000001N140415000000000000001840000000000000000000000000000000000000000000000206049694000138SANDRO MARTINS                          RUA INDEPENDENCIA 945                   CENTRO      93010003SAO LEOPOLDO   RS                                  00000000 000003
9                                                                                                                                                                                                                                                                                                                                                                                                         000004
