01REMESSA01COBRANCA       661600062425        ANEXO TECNOLOGIA E SISTEMAS EM341BANCO ITAU SA  150115                                                                                                                                                                                                                                                                                                      000001
10209442991000137661600062425    00004554                     000045540000000000000109                     I01ORC001269/20021500000000081403410000001N150115000000000000000050000000000000000000000000000000000000000000000207646678000195A SARMENTO DA SILVA DOCES               RUA PAULO CESAR BACH DE OLIVEIRA 53     ORICO       94010460GRAVATAI       RS                                  00000000 000002
10209442991000137661600062425    00004547                     000045470000000000000109                     I01NFSE00013116021500000000450003410000001N150115000000000000000300000000000000000000000000000000000000000000000219603070000162MAURICIO POCHARSKI HAUBERT 025          AV GENERAL FLORES DA CUNHA 903          VILA VERANOP94910001CACHOEIRINHA   RS                                  00000000 000003
10209442991000137661600062425    00004548                     000045480000000000000109                     I01NFSE00013216021500000000500003410000001N150115000000000000000330000000000000000000000000000000000000000000000207025776000105RENOTEC MANUTENCAO INDUSTRIA E          R GUARULHOS 146                         PARQUE JARDI94075310GRAVATAI       RS                                  00000000 000004
10209442991000137661600062425    00004549                     000045490000000000000109                     I01NFSE00013216031500000000500003410000001N150115000000000000000330000000000000000000000000000000000000000000000207025776000105RENOTEC MANUTENCAO INDUSTRIA E          R GUARULHOS 146                         PARQUE JARDI94075310GRAVATAI       RS                                  00000000 000005
9                                                                                                                                                                                                                                                                                                                                                                                                         000006
