01REMESSA01COBRANCA       661600062425        ANEXO TECNOLOGIA E SISTEMAS EM341BANCO ITAU SA  150115                                                                                                                                                                                                                                                                                                      000001
10209442991000137661600062425    00004544                     000045440000000000000109                     I01NFSE00012820011500000002760003410000001N130115000000000000001840000000000000000000000000000000000000000000000206049694000138SANDRO MARTINS                          RUA INDEPENDENCIA 945                   CENTRO      93010003SAO LEOPOLDO   RS                                  00000000 000002
9                                                                                                                                                                                                                                                                                                                                                                                                         000003
