01REMESSA01COBRANCA       661600062425        ANEXO TECNOLOGIA E SISTEMAS EM341BANCO ITAU SA  150415                                                                                                                                                                                                                                                                                                      000001
10209442991000137661600062425    00004923                     000049230000000000000109                     I01NFSE00018416051500000000412503410000001N150415000000000000000280000000000000000000000000000000000000000000000218696059000121TREINAMENTO E PREVENCAO BRASIL          AV CENTENARIO 1606                      CENTRO      94010050GRAVATAI       RS                                  00000000 000002
10209442991000137661600062425    00004924                     000049240000000000000109                     I01NFSE00018416061500000000412503410000001N150415000000000000000280000000000000000000000000000000000000000000000218696059000121TREINAMENTO E PREVENCAO BRASIL          AV CENTENARIO 1606                      CENTRO      94010050GRAVATAI       RS                                  00000000 000003
9                                                                                                                                                                                                                                                                                                                                                                                                         000004
