01REMESSA01COBRANCA       661600062425        ANEXO TECNOLOGIA E SISTEMAS EM341BANCO ITAU SA  170415                                                                                                                                                                                                                                                                                                      000001
10209442991000137661600062425    00004926                     000049260000000000000109                     I01NFSE00018420041500000000550003410000001N170415000000000000000370000000000000000000000000000000000000000000000218696059000121TREINAMENTO E PREVENCAO BRASIL          AV CENTENARIO 1606                      CENTRO      94010050GRAVATAI       RS                                  00000000 000002
9                                                                                                                                                                                                                                                                                                                                                                                                         000003
