01REMESSA01COBRANCA       661600062425        ANEXO TECNOLOGIA E SISTEMAS EM341BANCO ITAU SA  180215                                                                                                                                                                                                                                                                                                      000001
10209442991000137661600062425    00004686                     000046860000000000000109                     I01NFSE00015020021500000000069003410000001N180215000000000000000050000000000000000000000000000000000000000000000216950484000250JOICE DA COSTA SOARES - ME              AV PRESIDENTE VARGAS 1894               CENTRO      93260064ESTEIO         RS                                  00000000 000002
10209442991000137661600062425    00004687                     000046870000000000000109                     I01NFSE00015020021500000000069003410000001N180215000000000000000050000000000000000000000000000000000000000000000216950484000250JOICE DA COSTA SOARES - ME              AV PRESIDENTE VARGAS 1894               CENTRO      93260064ESTEIO         RS                                  00000000 000003
10209442991000137661600062425    00004688                     000046880000000000000109                     I01NFSE00015020021500000000069003410000001N180215000000000000000050000000000000000000000000000000000000000000000216950484000250JOICE DA COSTA SOARES - ME              AV PRESIDENTE VARGAS 1894               CENTRO      93260064ESTEIO         RS                                  00000000 000004
10209442991000137661600062425    00004689                     000046890000000000000109                     I01NFSE00015020021500000000069003410000001N180215000000000000000050000000000000000000000000000000000000000000000216950484000250JOICE DA COSTA SOARES - ME              AV PRESIDENTE VARGAS 1894               CENTRO      93260064ESTEIO         RS                                  00000000 000005
10209442991000137661600062425    00004690                     000046900000000000000109                     I01NFSE00015020021500000000120003410000001N180215000000000000000080000000000000000000000000000000000000000000000216950484000250JOICE DA COSTA SOARES - ME              AV PRESIDENTE VARGAS 1894               CENTRO      93260064ESTEIO         RS                                  00000000 000006
10209442991000137661600062425    00004691                     000046910000000000000109                     I01NFSE00015120021500000002760003410000001N180215000000000000001840000000000000000000000000000000000000000000000206049694000138SANDRO MARTINS                          RUA INDEPENDENCIA 945                   CENTRO      93010003SAO LEOPOLDO   RS                                  00000000 000007
9                                                                                                                                                                                                                                                                                                                                                                                                         000008
