01REMESSA01COBRANCA       661600062425        ANEXO TECNOLOGIA E SISTEMAS EM341BANCO ITAU SA  220115                                                                                                                                                                                                                                                                                                      000001
10209442991000137661600062425    00004555                     000045550000000000000109                     I01NFSE00013306021500000000400003410000001N220115000000000000000270000000000000000000000000000000000000000000000218366553000128FORTUNA E AGUIAR LTDA - ME              AV PRESIDENTE CASTELO BRANCO 235        CENTRO      95380000ESMERALDA      RS                                  00000000 000002
10209442991000137661600062425    00004556                     000045560000000000000109                     I01NFSE00013323021500000000400003410000001N220115000000000000000270000000000000000000000000000000000000000000000218366553000128FORTUNA E AGUIAR LTDA - ME              AV PRESIDENTE CASTELO BRANCO 235        CENTRO      95380000ESMERALDA      RS                                  00000000 000003
10209442991000137661600062425    00004557                     000045570000000000000109                     I01NFSE00013323031500000000400003410000001N220115000000000000000270000000000000000000000000000000000000000000000218366553000128FORTUNA E AGUIAR LTDA - ME              AV PRESIDENTE CASTELO BRANCO 235        CENTRO      95380000ESMERALDA      RS                                  00000000 000004
9                                                                                                                                                                                                                                                                                                                                                                                                         000005
