01REMESSA01COBRANCA       661600062425        ANEXO TECNOLOGIA E SISTEMAS EM341BANCO ITAU SA  270115                                                                                                                                                                                                                                                                                                      000001
10209442991000137661600062425    00004558                     000045580000000000000109                     I01ORC001270/28011500000000088363410000001N270115000000000000000060000000000000000000000000000000000000000000000204015569000181BLASTEC INSTALACOES ELETRICAS           RUA SETE DE SETEMBRO 941                MAJOR PINTO 95540000PALMARES DO SULRS                                  00000000 000002
9                                                                                                                                                                                                                                                                                                                                                                                                         000003
