01REMESSA01COBRANCA       661600062425        ANEXO TECNOLOGIA E SISTEMAS EM341BANCO ITAU SA  270315                                                                                                                                                                                                                                                                                                      000001
10209442991000137661600062425    00004803                     000048030000000000000109                     I01NFSE00016925041500000000500003410000001N240315000000000000000330000000000000000000000000000000000000000000000213505024000144RUDINEI ANTUNES - ME                    RUA PEDRO MOREIRA LOBATO 731            FLORESCENTE 94455330VIAMAO         RS                                  00000000 000002
10209442991000137661600062425    00004804                     000048040000000000000109                     I01NFSE00016925051500000000500003410000001N240315000000000000000330000000000000000000000000000000000000000000000213505024000144RUDINEI ANTUNES - ME                    RUA PEDRO MOREIRA LOBATO 731            FLORESCENTE 94455330VIAMAO         RS                                  00000000 000003
9                                                                                                                                                                                                                                                                                                                                                                                                         000004
