02RETORNO01COBRANCA       08834000506842000000PPA3 COMERCIO E DISTRIBUICAO D001BANCO DO BRASIL2907140000568                      000001124509461947  2398705                                                                                                                                                                                                                                              000001
70000000000000000088340005068422398705                         2398705111113404970003200AI 02700000000000 17022907143791/1                        30081400000000396000010488X010000000000210000000000000000000000000000000000000000000000000000000000000000000000000000000000000000000000000000000000000000000000000000000021010000000000000          0000000000000000000000000000000000000000000000001000000002
70000000000000000088340005068422398705                         2398705111113405070006300AI 02700000000000 17022907143791/2                        30091400000000396000010488X010000000000210000000000000000000000000000000000000000000000000000000000000000000000000000000000000000000000000000000000000000000000000000000021010000000000000          0000000000000000000000000000000000000000000000001000000003
70000000000000000088340005068422398705                         2398705000000821670000001AI 02700000000000 17062907148216                          290714000000007500023719800013007140000000000000000000000000000000000000000000000000000000000000000000000000000000075000000000000000000000000000000000000000000000000007500020000000000000          0000000000000000000000000000000000000000000000001010000004
70000000000000000088340005068422398705                         2398705000000857570000001AI 02700000000000 17062907148575                          290714000000006466604100820013007140000000000000000000000000000000000000000000000000000000000000000000000000000000064666000000000000000000000000000000000000000000000006466620000000000000          0000000000000000000000000000000000000000000000001010000005
70000000000000000088340005068422398705                         2398705000000894770000001AI 02700000000000 17062907148947                          290714000000003960004105870013007140000000000000000000000000000000000000000000000000000000000000000000000000000000039600000000000000000000000000000000000000000000000003960020000000000000          0000000000000000000000000000000000000000000000001010000006
70000000000000000088340005068422398705                         2398705000000895170000001AI 02700000000000 17062907148951                          290714000000004500004102140013007140000000000000000000000000000000000000000000000000000000000000000000000000000000045000000000000000000000000000000000000000000000000004500020000000000000          0000000000000000000000000000000000000000000000001010000007
70000000000000000088340005068422398705                         2398705000000895370000001AI 02700000000000 17062907148953                          290714000000009360004104750013007140000000000000000000000000000000000000000000000000000000000000000000000000000000093600000000000000000000000000000000000000000000000009360020000000000000          0000000000000000000000000000000000000000000000001010000008
70000000000000000088340005068422398705                         2398705000000895870000001AI 02700000000000 17062907148958                          290714000000004500004104400013007140000000000000000000000000000000000000000000000000000000000000000000000000000000045000000000000000000000000000000000000000000000000004500020000000000000          0000000000000000000000000000000000000000000000001010000009
70000000000000000088340005068422398705                         2398705000000896070000001AI 02700000000000 17062907148960                          29071400000000450000015884X013007140000000000000000000000000000000000000000000000000000000000000000000000000000000045000000000000000000000000000000000000000000000000004500020000000000000          0000000000000000000000000000000000000000000000001008000010
70000000000000000088340005068422398705                         2398705000000896770000301AI 02700000000000 17062907148967                          010814000000006200004102850013007140000000000000000000000000000000000000000000000000000000000000000000000000000000062000000000000000000000000000000000000000000000000006200020000000000000          0000000000000000000000000000000000000000000000001010000011
70000000000000000088340005068422398705                         2398705000000899370000501AI 02700000000000 17062907148993                          030814000000004500004102850013007140000000000000000000000000000000000000000000000000000000000000000000000000000000045000000000000000000000000000000000000000000000000004500020000000000000          0000000000000000000000000000000000000000000000001010000012
70000000000000000088340005068422398705                         2398705000000969470002601AI 02700000000000 17062907149694                          24081400000000396000010698X013007140000000000000000000000000000000000000000000000000000000000000000000000000000000039600000000000000000000000000000000000000000000000003960020000000000000          0000000000000000000000000000000000000000000000001006000013
70000000000000000088340005068422398705                         2398705000000969570005601AI 02700000000000 17062907149695                          23091400000000396000010698X013007140000000000000000000000000000000000000000000000000000000000000000000000000000000039600000000000000000000000000000000000000000000000003960020000000000000          0000000000000000000000000000000000000000000000001006000014
70000000000000000088340005068422398705                         2398705111113404970000300AI 02700000000000 17192907143791/1                        300814000000003960000100000010000000000000000000000000000000000000000000000000000000000000000000000000000000000000000000000000000000000000000000000000000000000000000000000000000000000000          0000000000000000000000000000000000000000000000000000000015
70000000000000000088340005068422398705                         2398705111113405070000300AI 02700000000000 17192907143791/2                        300914000000003960000100000010000000000000000000000000000000000000000000000000000000000000000000000000000000000000000000000000000000000000000000000000000000000000000000000000000000000000          0000000000000000000000000000000000000000000000000000000016
9201001          000007300000005232278100000557          000000000000000000000000000000          000000000000000000000000000000          000000000000000000000000000000                                                  000000000000000000000000000000                                                                                                                                                   000017
