02RETORNO01COBRANCA       661600062425        ANEXO TECNOLOGIA S E I LTDA   341BANCO ITAU S.A.01041501600BPI00830020415                                                                                                                                                                                                                                                                                   000001
10209442991000137661600062425        4777                     00004777            109000047770             I06310315ORC001459/00004777            20031500000000088360014469301000000000039200000000000000000000000000000000000000000000000000000000000000000000000000939400000000009500000000000000   02041500000000000000000000000RODRIGO DE CAMPOS PEREIRA                                           B3000002
9201341          000000000000000000000000000000          000000000000000000000000000000                                                  000000000000000000000000000000          0000005700000000945376  02/04S008300000000100000000008836                                                                                                                                                                000003
