02RETORNO01COBRANCA       661600062425        ANEXO TECNOLOGIA S E I LTDA   341BANCO ITAU S.A.06041501600BPI00831070415                                                                                                                                                                                                                                                                                   000001
10209442991000137661600062425        4564                     00004564            109000045642             I06020415NFSE00013400004564            02041500000000566000410808601000000000039200000000000000000000000000000000000000000000000000000000000000000000000005620800000000000000000000000000   07041500000000000000000000000CLEDSON DUTRA RODRIGUES - ME                                        B3000002
10209442991000137661600062425                                 00004422            109000044223             I290604154422      00004422            30011500000000184943410000001000000000045000000000000000000000000000000000000000000000000000000000000000000000000000000000000000000000000000000000         00000000000000000000000UBIRAJARA MOACIR BRAUN                                                000003
9201341          000000000000000000000000000000          000000000000000000000000000000                                                  000000000000000000000000000000          0000005600000000888776  07/04S008310000000200000000075094                                                                                                                                                                000004
