02RETORNO01COBRANCA       661600062425        ANEXO TECNOLOGIA S E I LTDA   341BANCO ITAU S.A.07041501600BPI00832080415                                                                                                                                                                                                                                                                                   000001
10209442991000137661600062425        4805                     00004805            109000048059             I02070415ORC001473/00004805            20041500000000081403411444901000000000000000000000000000000000000000000000000000000000000000000000000000000000000000000000000000000050000000000000         00000000000000000000000A SARMENTO DA SILVA DOCES                                             000002
10209442991000137661600062425        4806                     00004806            109000048067             I02070415ORC001474/00004806            20041500000000083743414792801000000000000000000000000000000000000000000000000000000000000000000000000000000000000000000000000000000060000000000000         00000000000000000000000AFONSO FERNANDES DE OLIVEIRA                                          000003
10209442991000137661600062425        4807                     00004807            109000048075             I02070415ORC001475/00004807            20041500000000085193411444901000000000000000000000000000000000000000000000000000000000000000000000000000000000000000000000000000000060000000000000         00000000000000000000000AJ DIESEL COM PECAS E ACESS PA                                        000004
10209442991000137661600062425        4808                     00004808            109000048083             I02070415ORC001476/00004808            20041500000000066003411444901000000000000000000000000000000000000000000000000000000000000000000000000000000000000000000000000000000040000000000000         00000000000000000000000ALCIONE DE ARAUJO MUNIZ                                               000005
10209442991000137661600062425        4809                     00004809            109000048091             I02070415ORC001477/00004809            20041500000000083943414792801000000000000000000000000000000000000000000000000000000000000000000000000000000000000000000000000000000060000000000000         00000000000000000000000AMF DISTRIB DE ACESS AUTOMOTIV                                        000006
10209442991000137661600062425        4810                     00004810            109000048109             I02070415ORC001478/00004810            20041500000000075373411444901000000000000000000000000000000000000000000000000000000000000000000000000000000000000000000000000000000050000000000000         00000000000000000000000ANA MARIA SILVEIRA                                                    000007
10209442991000137661600062425        4811                     00004811            109000048117             I02070415ORC001479/00004811            20041500000000075023411444901000000000000000000000000000000000000000000000000000000000000000000000000000000000000000000000000000000050000000000000         00000000000000000000000AUTO ELETRICA BRAUN LTDA                                              000008
10209442991000137661600062425        4812                     00004812            109000048125             I02070415ORC001480/00004812            20041500000000089003414792801000000000000000000000000000000000000000000000000000000000000000000000000000000000000000000000000000000060000000000000         00000000000000000000000AUTO ELETRICA E LOCACOES AJS L                                        000009
10209442991000137661600062425        4813                     00004813            109000048133             I02070415ORC001481/00004813            20041500000000074953410293101000000000000000000000000000000000000000000000000000000000000000000000000000000000000000000000000000000050000000000000         00000000000000000000000BOMBAS SINOS IND. E COM. LTDA                                         000010
10209442991000137661600062425        4814                     00004814            109000048141             I02070415ORC001482/00004814            20041500000000089003414792801000000000000000000000000000000000000000000000000000000000000000000000000000000000000000000000000000000060000000000000         00000000000000000000000BRECHO CHIC LTDA - ME                                                 000011
10209442991000137661600062425        4815                     00004815            109000048158             I02070415ORC001483/00004815            20041500000000077183411444901000000000000000000000000000000000000000000000000000000000000000000000000000000000000000000000000000000050000000000000         00000000000000000000000CANTECH EQUIPAMENTOS LTDA                                             000012
10209442991000137661600062425        4816                     00004816            109000048166             I02070415ORC001484/00004816            20041500000000088573411579201000000000000000000000000000000000000000000000000000000000000000000000000000000000000000000000000000000060000000000000         00000000000000000000000CARLOS ROBERTO COUTINHO FOLTZ                                         000013
10209442991000137661600062425        4817                     00004817            109000048174             I02070415ORC001485/00004817            20041500000000085193411444901000000000000000000000000000000000000000000000000000000000000000000000000000000000000000000000000000000060000000000000         00000000000000000000000CC CENTROCAR CENTRO AUTOMOTIVO                                        000014
10209442991000137661600062425        4818                     00004818            109000048182             I02070415ORC001486/00004818            20041500000000055933411444901000000000000000000000000000000000000000000000000000000000000000000000000000000000000000000000000000000040000000000000         00000000000000000000000CERAMICA ATLETICO CLUBE                                               000015
10209442991000137661600062425        4819                     00004819            109000048190             I02070415ORC001487/00004819            20041500000000083213411444901000000000000000000000000000000000000000000000000000000000000000000000000000000000000000000000000000000060000000000000         00000000000000000000000COM DE TINTAS E FERRAGENS FONI                                        000016
10209442991000137661600062425        4820                     00004820            109000048208             I02070415ORC001488/00004820            20041500000000083743414792801000000000000000000000000000000000000000000000000000000000000000000000000000000000000000000000000000000060000000000000         00000000000000000000000COMERCIAL POHLFER LTDA.                                               000017
10209442991000137661600062425        4821                     00004821            109000048216             I02070415ORC001489/00004821            20041500000000094343411579201000000000000000000000000000000000000000000000000000000000000000000000000000000000000000000000000000000060000000000000         00000000000000000000000CONFIANCA CENTRO AUTOMOTIVO LT                                        000018
10209442991000137661600062425        4822                     00004822            109000048224             I02070415ORC001490/00004822            20041500000000083743411444901000000000000000000000000000000000000000000000000000000000000000000000000000000000000000000000000000000060000000000000         00000000000000000000000CSP AUTO CENTER LTDA                                                  000019
10209442991000137661600062425        4823                     00004823            109000048232             I02070415ORC001491/00004823            20041500000000088363411579201000000000000000000000000000000000000000000000000000000000000000000000000000000000000000000000000000000060000000000000         00000000000000000000000CVB PECAS E ACESSORIOS LTDA                                           000020
10209442991000137661600062425        4824                     00004824            109000048240             I02070415ORC001492/00004824            20041500000000071443411621201000000000000000000000000000000000000000000000000000000000000000000000000000000000000000000000000000000050000000000000         00000000000000000000000DALLA NORA E SOUZA LTDA                                               000021
10209442991000137661600062425        4825                     00004825            109000048257             I02070415ORC001493/00004825            20041500000000054803411444901000000000000000000000000000000000000000000000000000000000000000000000000000000000000000000000000000000040000000000000         00000000000000000000000DANIEL CELULARES                                                      000022
10209442991000137661600062425        4826                     00004826            109000048265             I02070415ORC001494/00004826            20041500000000088363411579201000000000000000000000000000000000000000000000000000000000000000000000000000000000000000000000000000000060000000000000         00000000000000000000000DANIEL MARTINS R. E CIA LTDA -                                        000023
10209442991000137661600062425        4827                     00004827            109000048273             I02070415ORC001495/00004827            20041500000000088363414792801000000000000000000000000000000000000000000000000000000000000000000000000000000000000000000000000000000060000000000000         00000000000000000000000DISPLAYS IND. E COM. DE ETIQUE                                        000024
10209442991000137661600062425        4828                     00004828            109000048281             I02070415ORC001496/00004828            20041500000000132803417434401000000000000000000000000000000000000000000000000000000000000000000000000000000000000000000000000000000090000000000000         00000000000000000000000DISTRIBUIDORA DE ALIMENTOS BIL                                        000025
10209442991000137661600062425        4829                     00004829            109000048299             I02070415ORC001497/00004829            20041500000000094343411444901000000000000000000000000000000000000000000000000000000000000000000000000000000000000000000000000000000060000000000000         00000000000000000000000DOUGLAS DIHL KLEIN                                                    000026
10209442991000137661600062425        4830                     00004830            109000048307             I02070415ORC001498/00004830            20041500000000088573411444901000000000000000000000000000000000000000000000000000000000000000000000000000000000000000000000000000000060000000000000         00000000000000000000000D-CAPA INDUSTRIA E COMERCIO DE                                        000027
10209442991000137661600062425        4831                     00004831            109000048315             I02070415ORC001499/00004831            20041500000000120003411444901000000000000000000000000000000000000000000000000000000000000000000000000000000000000000000000000000000080000000000000         00000000000000000000000E M R CONFECCOES LTDA - EPP                                           000028
10209442991000137661600062425        4832                     00004832            109000048323             I02070415ORC001500/00004832            20041500000000083213414792801000000000000000000000000000000000000000000000000000000000000000000000000000000000000000000000000000000060000000000000         00000000000000000000000ELIANE GALON MARTINS                                                  000029
10209442991000137661600062425        4833                     00004833            109000048331             I02070415ORC001501/00004833            20041500000000120003414792801000000000000000000000000000000000000000000000000000000000000000000000000000000000000000000000000000000080000000000000         00000000000000000000000ENGLERT E SZINVELSKI AUTO-ELET                                        000030
10209442991000137661600062425        4834                     00004834            109000048349             I02070415ORC001502/00004834            20041500000000083213411444901000000000000000000000000000000000000000000000000000000000000000000000000000000000000000000000000000000060000000000000         00000000000000000000000EVA E MARLICE DE ROUPAS LTDA M                                        000031
10209442991000137661600062425        4835                     00004835            109000048356             I02070415ORC001503/00004835            20041500000000094343414792801000000000000000000000000000000000000000000000000000000000000000000000000000000000000000000000000000000060000000000000         00000000000000000000000EVERTON LUIS RAMOS PINTO                                              000032
10209442991000137661600062425        4836                     00004836            109000048364             I02070415ORC001504/00004836            20041500000000089003411579201000000000000000000000000000000000000000000000000000000000000000000000000000000000000000000000000000000060000000000000         00000000000000000000000FABIANO CARDOSO CIECIELSKI - M                                        000033
10209442991000137661600062425        4837                     00004837            109000048372             I02070415ORC001505/00004837            20041500000000089003410296401000000000000000000000000000000000000000000000000000000000000000000000000000000000000000000000000000000060000000000000         00000000000000000000000FAGNER DA SILVA COIMBRA - ME                                          000034
10209442991000137661600062425        4838                     00004838            109000048380             I02070415ORC001506/00004838            20041500000000089003411444901000000000000000000000000000000000000000000000000000000000000000000000000000000000000000000000000000000060000000000000         00000000000000000000000FERRAGEM ORSO LTDA                                                    000035
10209442991000137661600062425        4839                     00004839            109000048398             I02070415ORC001507/00004839            20041500000000089003411621201000000000000000000000000000000000000000000000000000000000000000000000000000000000000000000000000000000060000000000000         00000000000000000000000FORTUNA E AGUIAR LTDA - ME                                            000036
10209442991000137661600062425        4840                     00004840            109000048406             I02070415ORC001508/00004840            20041500000000081333414792801000000000000000000000000000000000000000000000000000000000000000000000000000000000000000000000000000000050000000000000         00000000000000000000000FUSE TECNOLOGIA LTDA                                                  000037
10209442991000137661600062425        4841                     00004841            109000048414             I02070415ORC001509/00004841            20041500000000120703411444901000000000000000000000000000000000000000000000000000000000000000000000000000000000000000000000000000000080000000000000         00000000000000000000000GG DIMELLO DOS SANTOS EPP                                             000038
10209442991000137661600062425        4842                     00004842            109000048422             I02070415ORC001510/00004842            20041500000000085193411444901000000000000000000000000000000000000000000000000000000000000000000000000000000000000000000000000000000060000000000000         00000000000000000000000GIOVANE ALGAYER DO NASCIMENTO                                         000039
10209442991000137661600062425        4843                     00004843            109000048430             I02070415ORC001511/00004843            20041500000000054803415326401000000000000000000000000000000000000000000000000000000000000000000000000000000000000000000000000000000040000000000000         00000000000000000000000GRAFICA VERFLEX LTDA - ME                                             000040
10209442991000137661600062425        4844                     00004844            109000048448             I02070415ORC001512/00004844            20041500000000089003411444901000000000000000000000000000000000000000000000000000000000000000000000000000000000000000000000000000000060000000000000         00000000000000000000000GTI COMERCIO LTDA - ME                                                000041
10209442991000137661600062425        4845                     00004845            109000048455             I02070415ORC001513/00004845            20041500000000083743411444901000000000000000000000000000000000000000000000000000000000000000000000000000000000000000000000000000000060000000000000         00000000000000000000000GUILHERME HENRIQUE BITENCOURT                                         000042
10209442991000137661600062425        4846                     00004846            109000048463             I02070415ORC001514/00004846            20041500000000088363411444901000000000000000000000000000000000000000000000000000000000000000000000000000000000000000000000000000000060000000000000         00000000000000000000000HELDT DESIGNER IND. E COM LTDA                                        000043
10209442991000137661600062425        4847                     00004847            109000048471             I02070415ORC001515/00004847            20041500000000120003411579201000000000000000000000000000000000000000000000000000000000000000000000000000000000000000000000000000000080000000000000         00000000000000000000000HELPRINTERS RECICLAGEM DE CART                                        000044
10209442991000137661600062425        4848                     00004848            109000048489             I02070415ORC001516/00004848            20041500000000065313414792801000000000000000000000000000000000000000000000000000000000000000000000000000000000000000000000000000000040000000000000         00000000000000000000000HOSP. CLINICAS VETRINARIAS RS                                         000045
10209442991000137661600062425        4849                     00004849            109000048497             I02070415ORC001517/00004849            20041500000000145003411579201000000000000000000000000000000000000000000000000000000000000000000000000000000000000000000000000000000100000000000000         00000000000000000000000ILUMY FLEX LTDA                                                       000046
10209442991000137661600062425        4850                     00004850            109000048505             I02070415ORC001518/00004850            20041500000000073313416616701000000000000000000000000000000000000000000000000000000000000000000000000000000000000000000000000000000050000000000000         00990000000000000000000INSTALEMOS MANUTENCOES E INSTA                       01               000047
10209442991000137661600062425        4851                     00004851            109000048513             I02070415ORC001520/00004851            20041500000000085193411444901000000000000000000000000000000000000000000000000000000000000000000000000000000000000000000000000000000060000000000000         00000000000000000000000JANAINA AZEVEDO DA ROCHA                                              000048
10209442991000137661600062425        4852                     00004852            109000048521             I02070415ORC001521/00004852            20041500000000088573414792801000000000000000000000000000000000000000000000000000000000000000000000000000000000000000000000000000000060000000000000         00000000000000000000000JLC COM DE VEICULOS LTDA                                              000049
10209442991000137661600062425        4853                     00004853            109000048539             I02070415ORC001522/00004853            20041500000000120003411658401000000000000000000000000000000000000000000000000000000000000000000000000000000000000000000000000000000080000000000000         00000000000000000000000JOAO DA SILVA PEREIRA - ME                                            000050
10209442991000137661600062425        4854                     00004854            109000048547             I02070415ORC001523/00004854            20041500000000085193415326401000000000000000000000000000000000000000000000000000000000000000000000000000000000000000000000000000000060000000000000         00000000000000000000000JTC ENGRENAGENS E SERVICOS LTD                                        000051
10209442991000137661600062425        4855                     00004855            109000048554             I02070415ORC001524/00004855            20041500000000085193411444901000000000000000000000000000000000000000000000000000000000000000000000000000000000000000000000000000000060000000000000         00000000000000000000000K G INDUSTRIA DE ESTOJOS E EXP                                        000052
10209442991000137661600062425        4856                     00004856            109000048562             I02070415ORC001525/00004856            20041500000000154803417445001000000000000000000000000000000000000000000000000000000000000000000000000000000000000000000000000000000100000000000000         00000000000000000000000KALLANGO LTDA                                                         000053
10209442991000137661600062425        4857                     00004857            109000048570             I02070415ORC001526/00004857            20041500000000134223411444901000000000000000000000000000000000000000000000000000000000000000000000000000000000000000000000000000000090000000000000         00000000000000000000000KEC PROCESSAMENTO DE DADOS                                            000054
10209442991000137661600062425        4858                     00004858            109000048588             I02070415ORC001527/00004858            20041500000000089003411444901000000000000000000000000000000000000000000000000000000000000000000000000000000000000000000000000000000060000000000000         00000000000000000000000KONTOR MOVEIS DE ESCRITORIO LT                                        000055
10209442991000137661600062425        4859                     00004859            109000048596             I02070415ORC001528/00004859            20041500000000085193411444901000000000000000000000000000000000000000000000000000000000000000000000000000000000000000000000000000000060000000000000         00000000000000000000000LANA CALIBRACAO DE INSTRUMENTO                                        000056
10209442991000137661600062425        4860                     00004860            109000048604             I02070415ORC001529/00004860            20041500000000082863411444901000000000000000000000000000000000000000000000000000000000000000000000000000000000000000000000000000000060000000000000         00000000000000000000000LEANDRO BATISTA DE FRAGA                                              000057
10209442991000137661600062425        4861                     00004861            109000048612             I02070415ORC001530/00004861            20041500000000081803411444901000000000000000000000000000000000000000000000000000000000000000000000000000000000000000000000000000000050000000000000         00000000000000000000000LUCIA'S CONFECCOES LTDA ME                                            000058
10209442991000137661600062425        4862                     00004862            109000048620             I02070415ORC001531/00004862            20041500000000096193411579201000000000000000000000000000000000000000000000000000000000000000000000000000000000000000000000000000000060000000000000         00000000000000000000000M M FIALHO                                                            000059
10209442991000137661600062425        4863                     00004863            109000048638             I02070415ORC001532/00004863            20041500000000120003411444901000000000000000000000000000000000000000000000000000000000000000000000000000000000000000000000000000000080000000000000         00000000000000000000000M. DA ROSA MICROCERVEJARIA - M                                        000060
10209442991000137661600062425        4864                     00004864            109000048646             I02070415ORC001533/00004864            20041500000000083743411444901000000000000000000000000000000000000000000000000000000000000000000000000000000000000000000000000000000060000000000000         00000000000000000000000MACDIESEL SERVICOS EM MOTORES                                         000061
10209442991000137661600062425        4865                     00004865            109000048653             I02070415ORC001534/00004865            20041500000000169553417775001000000000000000000000000000000000000000000000000000000000000000000000000000000000000000000000000000000110000000000000         00000000000000000000000MADECASA COM DE MAT DE CONSTRU                                        000062
10209442991000137661600062425        4866                     00004866            109000048661             I02070415ORC001535/00004866            20041500000000088483411444901000000000000000000000000000000000000000000000000000000000000000000000000000000000000000000000000000000060000000000000         00000000000000000000000MAQ SERVICE ASS. TEC. E LOC. E                                        000063
10209442991000137661600062425        4867                     00004867            109000048679             I02070415ORC001536/00004867            20041500000000120003411444901000000000000000000000000000000000000000000000000000000000000000000000000000000000000000000000000000000080000000000000         00000000000000000000000MARIA CAROLINA MARTINS - ME                                           000064
10209442991000137661600062425        4868                     00004868            109000048687             I02070415ORC001537/00004868            20041500000000088573411444901000000000000000000000000000000000000000000000000000000000000000000000000000000000000000000000000000000060000000000000         00000000000000000000000MARIA DO CARMO GONCALVES                                              000065
10209442991000137661600062425        4869                     00004869            109000048695             I02070415ORC001538/00004869            20041500000000083943411444901000000000000000000000000000000000000000000000000000000000000000000000000000000000000000000000000000000060000000000000         00000000000000000000000MARIA E SILVEIRA DA SILVA E CI                                        000066
10209442991000137661600062425        4870                     00004870            109000048703             I02070415ORC001539/00004870            20041500000000089003411579201000000000000000000000000000000000000000000000000000000000000000000000000000000000000000000000000000000060000000000000         00000000000000000000000MAURICIO POCHARSKI HAUBERT 025                                        000067
10209442991000137661600062425        4871                     00004871            109000048711             I02070415ORC001540/00004871            20041500000000089003410295601000000000000000000000000000000000000000000000000000000000000000000000000000000000000000000000000000000060000000000000         00000000000000000000000MAXIBOMBAS COMERCIO DE BOMBAS                                         000068
10209442991000137661600062425        4872                     00004872            109000048729             I02070415ORC001541/00004872            20041500000000081323411444901000000000000000000000000000000000000000000000000000000000000000000000000000000000000000000000000000000050000000000000         00000000000000000000000MD IND E COM DE MATRIZES LTDA                                         000069
10209442991000137661600062425        4873                     00004873            109000048737             I02070415ORC001542/00004873            20041500000000054803410293101000000000000000000000000000000000000000000000000000000000000000000000000000000000000000000000000000000040000000000000         00000000000000000000000METAL GRAVA LTDA                                                      000070
10209442991000137661600062425        4874                     00004874            109000048745             I02070415ORC001543/00004874            20041500000000085353411444901000000000000000000000000000000000000000000000000000000000000000000000000000000000000000000000000000000060000000000000         00000000000000000000000MK MONTAGEM DE KITS ELETRONICO                                        000071
10209442991000137661600062425        4875                     00004875            109000048752             I02070415ORC001544/00004875            20041500000000111473411444901000000000000000000000000000000000000000000000000000000000000000000000000000000000000000000000000000000070000000000000         00000000000000000000000MULTIMOBILE BRASIL SOLUCOES EM                                        000072
10209442991000137661600062425        4876                     00004876            109000048760             I02070415ORC001545/00004876            20041500000000088573415326401000000000000000000000000000000000000000000000000000000000000000000000000000000000000000000000000000000060000000000000         00000000000000000000000NERON MENGER                                                          000073
10209442991000137661600062425        4877                     00004877            109000048778             I02070415ORC001546/00004877            20041500000000081403411444901000000000000000000000000000000000000000000000000000000000000000000000000000000000000000000000000000000050000000000000         00000000000000000000000NEW TECK EQUIPAMENTOS E SISTEM                                        000074
10209442991000137661600062425        4878                     00004878            109000048786             I02070415ORC001547/00004878            20041500000000084773410296401000000000000000000000000000000000000000000000000000000000000000000000000000000000000000000000000000000060000000000000         00000000000000000000000NOGARE DIESEL MECANICA E AUTOP                                        000075
10209442991000137661600062425        4879                     00004879            109000048794             I02070415ORC001548/00004879            20041500000000085193411444901000000000000000000000000000000000000000000000000000000000000000000000000000000000000000000000000000000060000000000000         00000000000000000000000OMX E CRISTIANE FERNANDES LTDA                                        000076
10209442991000137661600062425        4880                     00004880            109000048802             I02070415ORC001549/00004880            20041500000000082863414792801000000000000000000000000000000000000000000000000000000000000000000000000000000000000000000000000000000060000000000000         00000000000000000000000PADRONIZA UNIFORMES IND E COM                                         000077
10209442991000137661600062425        4881                     00004881            109000048810             I02070415ORC001550/00004881            20041500000000076693414792801000000000000000000000000000000000000000000000000000000000000000000000000000000000000000000000000000000050000000000000         00000000000000000000000PAULO CESAR CORREA RIBEIRO                                            000078
10209442991000137661600062425        4882                     00004882            109000048828             I02070415ORC001551/00004882            20041500000000089003411444901000000000000000000000000000000000000000000000000000000000000000000000000000000000000000000000000000000060000000000000         00000000000000000000000PITBULL PECAS E ACESSORIOS AUT                                        000079
10209442991000137661600062425        4883                     00004883            109000048836             I02070415ORC001552/00004883            20041500000000094343410293101000000000000000000000000000000000000000000000000000000000000000000000000000000000000000000000000000000060000000000000         00000000000000000000000PLASTICOS SCHMIDT LTDA                                                000080
10209442991000137661600062425        4884                     00004884            109000048844             I02070415ORC001553/00004884            20041500000000081403411579201000000000000000000000000000000000000000000000000000000000000000000000000000000000000000000000000000000050000000000000         00000000000000000000000PLASTICOS VAPA LTDA                                                   000081
10209442991000137661600062425        4885                     00004885            109000048851             I02070415ORC001554/00004885            20041500000000088363411444901000000000000000000000000000000000000000000000000000000000000000000000000000000000000000000000000000000060000000000000         00000000000000000000000POLYTEXTIL IND. E COM. LTDA                                           000082
10209442991000137661600062425        4886                     00004886            109000048869             I02070415ORC001555/00004886            20041500000000120003410207101000000000000000000000000000000000000000000000000000000000000000000000000000000000000000000000000000000080000000000000         00000000000000000000000PPA3 COMERCIO E DISTRIBUICAO D                                        000083
10209442991000137661600062425        4887                     00004887            109000048877             I02070415ORC001556/00004887            20041500000000089863411444901000000000000000000000000000000000000000000000000000000000000000000000000000000000000000000000000000000060000000000000         00000000000000000000000PPA3 COMERCIO E DISTRIBUICAO D                                        000084
10209442991000137661600062425        4888                     00004888            109000048885             I02070415ORC001557/00004888            20041500000000089003411444901000000000000000000000000000000000000000000000000000000000000000000000000000000000000000000000000000000060000000000000         00000000000000000000000QUALIPAR EQUIPAMENTOS INDUSTRI                                        000085
10209442991000137661600062425        4889                     00004889            109000048893             I02070415ORC001558/00004889            20041500000000120003411444901000000000000000000000000000000000000000000000000000000000000000000000000000000000000000000000000000000080000000000000         00000000000000000000000RENOTEC MANUTENCAO INDUSTRIA E                                        000086
10209442991000137661600062425        4890                     00004890            109000048901             I02070415ORC001559/00004890            20041500000000088363417775001000000000000000000000000000000000000000000000000000000000000000000000000000000000000000000000000000000060000000000000         00000000000000000000000RODRIGO DE CAMPOS PEREIRA                                             000087
10209442991000137661600062425        4891                     00004891            109000048919             I02070415ORC001560/00004891            20041500000000077183411658401000000000000000000000000000000000000000000000000000000000000000000000000000000000000000000000000000000050000000000000         00000000000000000000000RODRIGO NUNES GOULART                                                 000088
10209442991000137661600062425        4892                     00004892            109000048927             I02070415ORC001561/00004892            20041500000000094343411444901000000000000000000000000000000000000000000000000000000000000000000000000000000000000000000000000000000060000000000000         00000000000000000000000RTI LOCACOES EIRELI - EPP                                             000089
10209442991000137661600062425        4893                     00004893            109000048935             I02070415ORC001562/00004893            20041500000000088363414792801000000000000000000000000000000000000000000000000000000000000000000000000000000000000000000000000000000060000000000000         00000000000000000000000SAO PEDRO LIVRARIA E PAPELARIA                                        000090
10209442991000137661600062425        4894                     00004894            109000048943             I02070415ORC001563/00004894            20041500000000088363411658401000000000000000000000000000000000000000000000000000000000000000000000000000000000000000000000000000000060000000000000         00000000000000000000000SERVICO E. ELETRO. PROLAR LTDA                                        000091
10209442991000137661600062425        4895                     00004895            109000048950             I02070415ORC001564/00004895            20041500000000085823411444901000000000000000000000000000000000000000000000000000000000000000000000000000000000000000000000000000000060000000000000         00000000000000000000000SINDICATO DOS TRAB. NAS IND. Q                                        000092
10209442991000137661600062425        4896                     00004896            109000048968             I02070415ORC001565/00004896            20041500000000088363410292301000000000000000000000000000000000000000000000000000000000000000000000000000000000000000000000000000000060000000000000         00000000000000000000000STTILO ARTE REPRESENTACOES LTD                                        000093
10209442991000137661600062425        4897                     00004897            109000048976             I02070415ORC001566/00004897            20041500000000094343411444901000000000000000000000000000000000000000000000000000000000000000000000000000000000000000000000000000000060000000000000         00000000000000000000000THEC FER IND MET LTDA                                                 000094
10209442991000137661600062425        4898                     00004898            109000048984             I02070415ORC001567/00004898            20041500000000085193414792801000000000000000000000000000000000000000000000000000000000000000000000000000000000000000000000000000000060000000000000         00000000000000000000000TOQUE PELE COM COSM LTDA                                              000095
10209442991000137661600062425        4899                     00004899            109000048992             I02070415ORC001568/00004899            20041500000000088483411444901000000000000000000000000000000000000000000000000000000000000000000000000000000000000000000000000000000060000000000000         00000000000000000000000UBIRAJARA MOACIR BRAUN                                                000096
10209442991000137661600062425        4900                     00004900            109000049008             I02070415ORC001569/00004900            20041500000000094343414792801000000000000000000000000000000000000000000000000000000000000000000000000000000000000000000000000000000060000000000000         00000000000000000000000URBAN DOORS IMP, EXP E COM LTD                                        000097
10209442991000137661600062425        4901                     00004901            109000049016             I02070415ORC001570/00004901            20041500000000099543410293101000000000000000000000000000000000000000000000000000000000000000000000000000000000000000000000000000000070000000000000         00000000000000000000000VANESSA GANDOLF                                                       000098
10209442991000137661600062425        4902                     00004902            109000049024             I02070415ORC001571/00004902            20041500000000085193415326401000000000000000000000000000000000000000000000000000000000000000000000000000000000000000000000000000000060000000000000         00000000000000000000000VIVIANE PASQUALIN EIRELI                                              000099
10209442991000137661600062425        4903                     00004903            109000049032             I02070415ORC001572/00004903            20041500000000120003411444901000000000000000000000000000000000000000000000000000000000000000000000000000000000000000000000000000000080000000000000         00000000000000000000000ZANDONAI METALURGICA LTDA - ME                                        000100
10209442991000137661600062425        4904                     00004904            109000049040             I02070415ORC001573/00004904            20041500000000072813414792801000000000000000000000000000000000000000000000000000000000000000000000000000000000000000000000000000000050000000000000         00000000000000000000000ANA MARIA FIGUEROA CORREA                                             000101
10209442991000137661600062425        4905                     00004905            109000049057             I02070415ORC001574/00004905            20041500000000094343411444901000000000000000000000000000000000000000000000000000000000000000000000000000000000000000000000000000000060000000000000         00000000000000000000000COPCESKI CHAPEACAO E PINTURA L                                        000102
10209442991000137661600062425        4906                     00004906            109000049065             I02070415ORC001575/00004906            20041500000000127163417445001000000000000000000000000000000000000000000000000000000000000000000000000000000000000000000000000000000080000000000000         00000000000000000000000JLF MATERIAIS DE CONSTRUCAO LT                                        000103
10209442991000137661600062425        4907                     00004907            109000049073             I02070415ORC001576/00004907            20041500000000088483411579201000000000000000000000000000000000000000000000000000000000000000000000000000000000000000000000000000000060000000000000         00000000000000000000000NEOCOR TINTAS LTDA                                                    000104
10209442991000137661600062425        4908                     00004908            109000049081             I02070415ORC001577/00004908            20041500000000077283416616701000000000000000000000000000000000000000000000000000000000000000000000000000000000000000000000000000000050000000000000         00990000000000000000000RL COM DE FERRAMENTAS LTDA                           01               000105
10209442991000137661600062425        4909                     00004909            109000049099             I02070415ORC001578/00004909            20041500000000120003410293101000000000000000000000000000000000000000000000000000000000000000000000000000000000000000000000000000000080000000000000         00000000000000000000000SPORTMANIA INSDUSTRIAL E COM.                                         000106
10209442991000137661600062425        4910                     00004910            109000049107             I02070415ORC001579/00004910            20041500000000091503411579201000000000000000000000000000000000000000000000000000000000000000000000000000000000000000000000000000000060000000000000         00000000000000000000000TONIA HAYDER COLLAZIOL                                                000107
9201341          000000000000000000000000000000          000000000000000000000000000000                                                  000000000000000000000000000000          0000016200000001858809  08/04S008320000010600000000970033                                                                                                                                                                000108
