02RETORNO01COBRANCA       661600062425        ANEXO TECNOLOGIA S E I LTDA   341BANCO ITAU S.A.08041501600BPI00833090415                                                                                                                                                                                                                                                                                   000001
10209442991000137661600062425        4788                     00004788            109000047887             I04080415ORC001470/00004788            08041500000000110753410293101000000000000000000000000000000000000000000000000000000000000000000000000000000000000000000000000000000000000000000000         00000000000000000000000VANESSA GANDOLF                                                       000002
9201341          000000000000000000000000000000          000000000000000000000000000000                                                  000000000000000000000000000000          0000016200000001859930  09/04S008330000000100000000011075                                                                                                                                                                000003
