02RETORNO01COBRANCA       661600062425        ANEXO TECNOLOGIA S E I LTDA   341BANCO ITAU S.A.09031501600BPI00815100315                                                                                                                                                                                                                                                                                   000001
10209442991000137661600062425        4580                     00004580            109000045808             I06060315ORC001284/00004580            06031500000000066460010883901000000000039200000000000000000000000000000000000000000000000000000000000000000000000000625400000000000000000000000000   10031500000000000000000000000CERAMICA ATLETICO CLUBE                                             B1000002
10209442991000137661600062425        4662                     00004662            109000046624             I06060315ORC001363/00004662            06031500000000102422371927301000000000039200000000000000000000000000000000000000000000000000000000000000000000000000985000000000000000000000000000   10031500000000000000000000000SERVICO E. ELETRO. PROLAR LTDA                                      B3000003
10209442991000137661600062425        4663                     00004663            109000046632             I06060315ORC001364/00004663            06031500000000099563411444901000000000039200000000000000000000000000000000000000000000000000000000000000000000000000956400000000000000000000000000   10031500000000000000000000000SINDICATO DOS TRAB. NAS IND. Q                                      Q0000004
9201341          000000000000000000000000000000          000000000000000000000000000000                                                  000000000000000000000000000000          0000003400000000752275  10/03S008150000000300000000026844                                                                                                                                                                000005
