02RETORNO01COBRANCA       661600062425        ANEXO TECNOLOGIA S E I LTDA   341BANCO ITAU S.A.09041501600BPI00834100415                                                                                                                                                                                                                                                                                   000001
10209442991000137661600062425        4712                     00004712            109000047127             I04090415ORC001394/00004712            09041500000000082533411621201000000000000000000000000000000000000000000000000000000000000000000000000000000000000000000000000000000000000000000000         00000000000000000000000DALLA NORA E SOUZA LTDA                                               000002
10209442991000137661600062425        4713                     00004713            109000047135             I04090415ORC001395/00004713            10041500000000061043411444901000000000000000000000000000000000000000000000000000000000000000000000000000000000000000000000000000000000000000000000         00000000000000000000000DANIEL CELULARES                                                      000003
10209442991000137661600062425        4864                     00004864            109000048646             I06080415ORC001533/00004864            20041500000000083742371714501000000000039200000000000000000000000000000000000000000000000000000000000000000000000000798200000000000000000000000000   10041500000000000000000000000MACDIESEL SERVICOS EM MOTORES                                       B2000004
9201341          000000000000000000000000000000          000000000000000000000000000000                                                  000000000000000000000000000000          0000016100000001853289  10/04S008340000000300000000022731                                                                                                                                                                000005
