02RETORNO01COBRANCA       661600062425        ANEXO TECNOLOGIA S E I LTDA   341BANCO ITAU S.A.10041501600BPI00835130415                                                                                                                                                                                                                                                                                   000001
10209442991000137661600062425                                 00004373            109000043738             I291004154373      00004373            06011500000000208693410000001000000000045000000000000000000000000000000000000000000000000000000000000000000000000000000000000000000000000000000000         00000000000000000000000JTC ENGRENAGENS E SERVICOS LTD                                        000002
9201341          000000000000000000000000000000          000000000000000000000000000000                                                  000000000000000000000000000000          0000016100000001853289  13/04S008350000000100000000020869                                                                                                                                                                000003
