02RETORNO01COBRANCA       661600062425        ANEXO TECNOLOGIA S E I LTDA   341BANCO ITAU S.A.10031501600BPI00816110315                                                                                                                                                                                                                                                                                   000001
10209442991000137661600062425        4692                     00004692            109000046921             I02100315ORC001374/00004692            20031500000000081403411444901000000000000000000000000000000000000000000000000000000000000000000000000000000000000000000000000000000050000000000000         00000000000000000000000A SARMENTO DA SILVA DOCES                                             000002
10209442991000137661600062425        4693                     00004693            109000046939             I02100315ORC001375/00004693            20031500000000083743414792801000000000000000000000000000000000000000000000000000000000000000000000000000000000000000000000000000000060000000000000         00000000000000000000000AFONSO FERNANDES DE OLIVEIRA                                          000003
10209442991000137661600062425        4694                     00004694            109000046947             I02100315ORC001376/00004694            20031500000000085193411444901000000000000000000000000000000000000000000000000000000000000000000000000000000000000000000000000000000060000000000000         00000000000000000000000AJ DIESEL COM PECAS E ACESS PA                                        000004
10209442991000137661600062425        4695                     00004695            109000046954             I02100315ORC001377/00004695            20031500000000066003411444901000000000000000000000000000000000000000000000000000000000000000000000000000000000000000000000000000000040000000000000         00000000000000000000000ALCIONE DE ARAUJO MUNIZ                                               000005
10209442991000137661600062425        4696                     00004696            109000046962             I02100315ORC001378/00004696            20031500000000083943414792801000000000000000000000000000000000000000000000000000000000000000000000000000000000000000000000000000000060000000000000         00000000000000000000000AMF DISTRIB DE ACESS AUTOMOTIV                                        000006
10209442991000137661600062425        4697                     00004697            109000046970             I02100315ORC001379/00004697            20031500000000075373411444901000000000000000000000000000000000000000000000000000000000000000000000000000000000000000000000000000000050000000000000         00000000000000000000000ANA MARIA SILVEIRA                                                    000007
10209442991000137661600062425        4698                     00004698            109000046988             I02100315ORC001380/00004698            20031500000000075023411444901000000000000000000000000000000000000000000000000000000000000000000000000000000000000000000000000000000050000000000000         00000000000000000000000AUTO ELETRICA BRAUN LTDA                                              000008
10209442991000137661600062425        4699                     00004699            109000046996             I02100315ORC001381/00004699            20031500000000089003414792801000000000000000000000000000000000000000000000000000000000000000000000000000000000000000000000000000000060000000000000         00000000000000000000000AUTO ELETRICA E LOCACOES AJS L                                        000009
10209442991000137661600062425        4700                     00004700            109000047002             I02100315ORC001382/00004700            20031500000000074953410293101000000000000000000000000000000000000000000000000000000000000000000000000000000000000000000000000000000050000000000000         00000000000000000000000BOMBAS SINOS IND. E COM. LTDA                                         000010
10209442991000137661600062425        4701                     00004701            109000047010             I02100315ORC001383/00004701            20031500000000044503414792801000000000000000000000000000000000000000000000000000000000000000000000000000000000000000000000000000000030000000000000         00000000000000000000000BRECHO CHIC LTDA - ME                                                 000011
10209442991000137661600062425        4702                     00004702            109000047028             I02100315ORC001384/00004702            20031500000000077183411444901000000000000000000000000000000000000000000000000000000000000000000000000000000000000000000000000000000050000000000000         00000000000000000000000CANTECH EQUIPAMENTOS LTDA                                             000012
10209442991000137661600062425        4703                     00004703            109000047036             I02100315ORC001385/00004703            20031500000000088573411579201000000000000000000000000000000000000000000000000000000000000000000000000000000000000000000000000000000060000000000000         00000000000000000000000CARLOS ROBERTO COUTINHO FOLTZ                                         000013
10209442991000137661600062425        4704                     00004704            109000047044             I02100315ORC001386/00004704            20031500000000085193411444901000000000000000000000000000000000000000000000000000000000000000000000000000000000000000000000000000000060000000000000         00000000000000000000000CC CENTROCAR CENTRO AUTOMOTIVO                                        000014
10209442991000137661600062425        4705                     00004705            109000047051             I02100315ORC001387/00004705            20031500000000055933411444901000000000000000000000000000000000000000000000000000000000000000000000000000000000000000000000000000000040000000000000         00000000000000000000000CERAMICA ATLETICO CLUBE                                               000015
10209442991000137661600062425        4706                     00004706            109000047069             I02100315ORC001388/00004706            20031500000000083213411444901000000000000000000000000000000000000000000000000000000000000000000000000000000000000000000000000000000060000000000000         00000000000000000000000COM DE TINTAS E FERRAGENS FONI                                        000016
10209442991000137661600062425        4707                     00004707            109000047077             I02100315ORC001389/00004707            20031500000000083743414792801000000000000000000000000000000000000000000000000000000000000000000000000000000000000000000000000000000060000000000000         00000000000000000000000COMERCIAL POHLFER LTDA.                                               000017
10209442991000137661600062425        4708                     00004708            109000047085             I02100315ORC001390/00004708            20031500000000089003411579201000000000000000000000000000000000000000000000000000000000000000000000000000000000000000000000000000000060000000000000         00000000000000000000000CONFIANCA CENTRO AUTOMOTIVO LT                                        000018
10209442991000137661600062425        4709                     00004709            109000047093             I02100315ORC001391/00004709            20031500000000089003411444901000000000000000000000000000000000000000000000000000000000000000000000000000000000000000000000000000000060000000000000         00000000000000000000000COPCESKI CHAPEACAO E PINTURA L                                        000019
10209442991000137661600062425        4710                     00004710            109000047101             I02100315ORC001392/00004710            20031500000000083743411444901000000000000000000000000000000000000000000000000000000000000000000000000000000000000000000000000000000060000000000000         00000000000000000000000CSP AUTO CENTER LTDA                                                  000020
10209442991000137661600062425        4711                     00004711            109000047119             I02100315ORC001393/00004711            20031500000000088363411579201000000000000000000000000000000000000000000000000000000000000000000000000000000000000000000000000000000060000000000000         00000000000000000000000CVB PECAS E ACESSORIOS LTDA                                           000021
10209442991000137661600062425        4712                     00004712            109000047127             I02100315ORC001394/00004712            20031500000000071443411621201000000000000000000000000000000000000000000000000000000000000000000000000000000000000000000000000000000050000000000000         00000000000000000000000DALLA NORA E SOUZA LTDA                                               000022
10209442991000137661600062425        4713                     00004713            109000047135             I02100315ORC001395/00004713            20031500000000054803411444901000000000000000000000000000000000000000000000000000000000000000000000000000000000000000000000000000000040000000000000         00000000000000000000000DANIEL CELULARES                                                      000023
10209442991000137661600062425        4714                     00004714            109000047143             I02100315ORC001396/00004714            20031500000000088363411579201000000000000000000000000000000000000000000000000000000000000000000000000000000000000000000000000000000060000000000000         00000000000000000000000DANIEL MARTINS R. E CIA LTDA -                                        000024
10209442991000137661600062425        4715                     00004715            109000047150             I02100315ORC001397/00004715            20031500000000088363414792801000000000000000000000000000000000000000000000000000000000000000000000000000000000000000000000000000000060000000000000         00000000000000000000000DISPLAYS IND. E COM. DE ETIQUE                                        000025
10209442991000137661600062425        4716                     00004716            109000047168             I02100315ORC001398/00004716            20031500000000132803417434401000000000000000000000000000000000000000000000000000000000000000000000000000000000000000000000000000000090000000000000         00000000000000000000000DISTRIBUIDORA DE ALIMENTOS BIL                                        000026
10209442991000137661600062425        4717                     00004717            109000047176             I02100315ORC001399/00004717            20031500000000094343411444901000000000000000000000000000000000000000000000000000000000000000000000000000000000000000000000000000000060000000000000         00000000000000000000000DOUGLAS DIHL KLEIN                                                    000027
10209442991000137661600062425        4718                     00004718            109000047184             I02100315ORC001400/00004718            20031500000000088573411444901000000000000000000000000000000000000000000000000000000000000000000000000000000000000000000000000000000060000000000000         00000000000000000000000D-CAPA INDUSTRIA E COMERCIO DE                                        000028
10209442991000137661600062425        4719                     00004719            109000047192             I02100315ORC001401/00004719            20031500000000120003411444901000000000000000000000000000000000000000000000000000000000000000000000000000000000000000000000000000000080000000000000         00000000000000000000000E M R CONFECCOES LTDA - EPP                                           000029
10209442991000137661600062425        4720                     00004720            109000047200             I02100315ORC001402/00004720            20031500000000083213414792801000000000000000000000000000000000000000000000000000000000000000000000000000000000000000000000000000000060000000000000         00000000000000000000000ELIANE GALON MARTINS                                                  000030
10209442991000137661600062425        4721                     00004721            109000047218             I02100315ORC001403/00004721            20031500000000120003414792801000000000000000000000000000000000000000000000000000000000000000000000000000000000000000000000000000000080000000000000         00000000000000000000000ENGLERT E SZINVELSKI AUTO-ELET                                        000031
10209442991000137661600062425        4722                     00004722            109000047226             I02100315ORC001404/00004722            20031500000000083213411444901000000000000000000000000000000000000000000000000000000000000000000000000000000000000000000000000000000060000000000000         00000000000000000000000EVA E MARLICE DE ROUPAS LTDA M                                        000032
10209442991000137661600062425        4723                     00004723            109000047234             I02100315ORC001405/00004723            20031500000000094343414792801000000000000000000000000000000000000000000000000000000000000000000000000000000000000000000000000000000060000000000000         00000000000000000000000EVERTON LUIS RAMOS PINTO                                              000033
10209442991000137661600062425        4724                     00004724            109000047242             I02100315ORC001406/00004724            20031500000000089003411579201000000000000000000000000000000000000000000000000000000000000000000000000000000000000000000000000000000060000000000000         00000000000000000000000FABIANO CARDOSO CIECIELSKI - M                                        000034
10209442991000137661600062425        4725                     00004725            109000047259             I02100315ORC001407/00004725            20031500000000089003410296401000000000000000000000000000000000000000000000000000000000000000000000000000000000000000000000000000000060000000000000         00000000000000000000000FAGNER DA SILVA COIMBRA - ME                                          000035
10209442991000137661600062425        4726                     00004726            109000047267             I02100315ORC001408/00004726            20031500000000089003411444901000000000000000000000000000000000000000000000000000000000000000000000000000000000000000000000000000000060000000000000         00000000000000000000000FERRAGEM ORSO LTDA                                                    000036
10209442991000137661600062425        4727                     00004727            109000047275             I02100315ORC001409/00004727            20031500000000109773411621201000000000000000000000000000000000000000000000000000000000000000000000000000000000000000000000000000000070000000000000         00000000000000000000000FORTUNA E AGUIAR LTDA - ME                                            000037
10209442991000137661600062425        4728                     00004728            109000047283             I02100315ORC001410/00004728            20031500000000081333414792801000000000000000000000000000000000000000000000000000000000000000000000000000000000000000000000000000000050000000000000         00000000000000000000000FUSE TECNOLOGIA LTDA                                                  000038
10209442991000137661600062425        4729                     00004729            109000047291             I02100315ORC001411/00004729            20031500000000120703411444901000000000000000000000000000000000000000000000000000000000000000000000000000000000000000000000000000000080000000000000         00000000000000000000000GG DIMELLO DOS SANTOS EPP                                             000039
10209442991000137661600062425        4730                     00004730            109000047309             I02100315ORC001412/00004730            20031500000000085193411444901000000000000000000000000000000000000000000000000000000000000000000000000000000000000000000000000000000060000000000000         00000000000000000000000GIOVANE ALGAYER DO NASCIMENTO                                         000040
10209442991000137661600062425        4731                     00004731            109000047317             I02100315ORC001413/00004731            20031500000000054803415326401000000000000000000000000000000000000000000000000000000000000000000000000000000000000000000000000000000040000000000000         00000000000000000000000GRAFICA VERFLEX LTDA - ME                                             000041
10209442991000137661600062425        4732                     00004732            109000047325             I02100315ORC001414/00004732            20031500000000089003411444901000000000000000000000000000000000000000000000000000000000000000000000000000000000000000000000000000000060000000000000         00000000000000000000000GTI COMERCIO LTDA - ME                                                000042
10209442991000137661600062425        4733                     00004733            109000047333             I02100315ORC001415/00004733            20031500000000083743411444901000000000000000000000000000000000000000000000000000000000000000000000000000000000000000000000000000000060000000000000         00000000000000000000000GUILHERME HENRIQUE BITENCOURT                                         000043
10209442991000137661600062425        4734                     00004734            109000047341             I02100315ORC001416/00004734            20031500000000088363411444901000000000000000000000000000000000000000000000000000000000000000000000000000000000000000000000000000000060000000000000         00000000000000000000000HELDT DESIGNER IND. E COM LTDA                                        000044
10209442991000137661600062425        4735                     00004735            109000047358             I02100315ORC001417/00004735            20031500000000120003411579201000000000000000000000000000000000000000000000000000000000000000000000000000000000000000000000000000000080000000000000         00000000000000000000000HELPRINTERS RECICLAGEM DE CART                                        000045
10209442991000137661600062425        4736                     00004736            109000047366             I02100315ORC001418/00004736            20031500000000065313414792801000000000000000000000000000000000000000000000000000000000000000000000000000000000000000000000000000000040000000000000         00000000000000000000000HOSP. CLINICAS VETRINARIAS RS                                         000046
10209442991000137661600062425        4737                     00004737            109000047374             I02100315ORC001419/00004737            20031500000000145003411579201000000000000000000000000000000000000000000000000000000000000000000000000000000000000000000000000000000100000000000000         00000000000000000000000ILUMY FLEX LTDA                                                       000047
10209442991000137661600062425        4738                     00004738            109000047382             I02100315ORC001420/00004738            20031500000000073313416616701000000000000000000000000000000000000000000000000000000000000000000000000000000000000000000000000000000050000000000000         00990000000000000000000INSTALEMOS MANUTENCOES E INSTA                       01               000048
10209442991000137661600062425        4739                     00004739            109000047390             I02100315ORC001421/00004739            20031500000000082863411444901000000000000000000000000000000000000000000000000000000000000000000000000000000000000000000000000000000060000000000000         00000000000000000000000JANAINA AZEVEDO DA ROCHA                                              000049
10209442991000137661600062425        4740                     00004740            109000047408             I02100315ORC001422/00004740            20031500000000085193411444901000000000000000000000000000000000000000000000000000000000000000000000000000000000000000000000000000000060000000000000         00000000000000000000000JANAINA AZEVEDO DA ROCHA                                              000050
10209442991000137661600062425        4741                     00004741            109000047416             I02100315ORC001423/00004741            20031500000000088573414792801000000000000000000000000000000000000000000000000000000000000000000000000000000000000000000000000000000060000000000000         00000000000000000000000JLC COM DE VEICULOS LTDA                                              000051
10209442991000137661600062425        4742                     00004742            109000047424             I02100315ORC001424/00004742            20031500000000120003411658401000000000000000000000000000000000000000000000000000000000000000000000000000000000000000000000000000000080000000000000         00000000000000000000000JOAO DA SILVA PEREIRA - ME                                            000052
10209442991000137661600062425        4743                     00004743            109000047432             I02100315ORC001425/00004743            20031500000000085193415326401000000000000000000000000000000000000000000000000000000000000000000000000000000000000000000000000000000060000000000000         00000000000000000000000JTC ENGRENAGENS E SERVICOS LTD                                        000053
10209442991000137661600062425        4744                     00004744            109000047440             I02100315ORC001426/00004744            20031500000000085193411444901000000000000000000000000000000000000000000000000000000000000000000000000000000000000000000000000000000060000000000000         00000000000000000000000K G INDUSTRIA DE ESTOJOS E EXP                                        000054
10209442991000137661600062425        4745                     00004745            109000047457             I02100315ORC001427/00004745            20031500000000154803417445001000000000000000000000000000000000000000000000000000000000000000000000000000000000000000000000000000000100000000000000         00000000000000000000000KALLANGO LTDA                                                         000055
10209442991000137661600062425        4746                     00004746            109000047465             I02100315ORC001428/00004746            20031500000000134223411444901000000000000000000000000000000000000000000000000000000000000000000000000000000000000000000000000000000090000000000000         00000000000000000000000KEC PROCESSAMENTO DE DADOS                                            000056
10209442991000137661600062425        4747                     00004747            109000047473             I02100315ORC001429/00004747            20031500000000089003411444901000000000000000000000000000000000000000000000000000000000000000000000000000000000000000000000000000000060000000000000         00000000000000000000000KONTOR MOVEIS DE ESCRITORIO LT                                        000057
10209442991000137661600062425        4748                     00004748            109000047481             I02100315ORC001430/00004748            20031500000000085193411444901000000000000000000000000000000000000000000000000000000000000000000000000000000000000000000000000000000060000000000000         00000000000000000000000LANA CALIBRACAO DE INSTRUMENTO                                        000058
10209442991000137661600062425        4749                     00004749            109000047499             I02100315ORC001431/00004749            20031500000000082863411444901000000000000000000000000000000000000000000000000000000000000000000000000000000000000000000000000000000060000000000000         00000000000000000000000LEANDRO BATISTA DE FRAGA                                              000059
10209442991000137661600062425        4750                     00004750            109000047507             I02100315ORC001432/00004750            20031500000000081803411444901000000000000000000000000000000000000000000000000000000000000000000000000000000000000000000000000000000050000000000000         00000000000000000000000LUCIA'S CONFECCOES LTDA ME                                            000060
10209442991000137661600062425        4751                     00004751            109000047515             I02100315ORC001433/00004751            20031500000000096193411579201000000000000000000000000000000000000000000000000000000000000000000000000000000000000000000000000000000060000000000000         00000000000000000000000M M FIALHO                                                            000061
10209442991000137661600062425        4752                     00004752            109000047523             I02100315ORC001434/00004752            20031500000000120003411444901000000000000000000000000000000000000000000000000000000000000000000000000000000000000000000000000000000080000000000000         00000000000000000000000M. DA ROSA MICROCERVEJARIA - M                                        000062
10209442991000137661600062425        4753                     00004753            109000047531             I02100315ORC001435/00004753            20031500000000083743411444901000000000000000000000000000000000000000000000000000000000000000000000000000000000000000000000000000000060000000000000         00000000000000000000000MACDIESEL SERVICOS EM MOTORES                                         000063
10209442991000137661600062425        4754                     00004754            109000047549             I02100315ORC001436/00004754            20031500000000169553417775001000000000000000000000000000000000000000000000000000000000000000000000000000000000000000000000000000000110000000000000         00000000000000000000000MADECASA COM DE MAT DE CONSTRU                                        000064
10209442991000137661600062425        4755                     00004755            109000047556             I02100315ORC001437/00004755            20031500000000088483411444901000000000000000000000000000000000000000000000000000000000000000000000000000000000000000000000000000000060000000000000         00000000000000000000000MAQ SERVICE ASS. TEC. E LOC. E                                        000065
10209442991000137661600062425        4756                     00004756            109000047564             I02100315ORC001438/00004756            20031500000000088573411444901000000000000000000000000000000000000000000000000000000000000000000000000000000000000000000000000000000060000000000000         00000000000000000000000MARIA DO CARMO GONCALVES                                              000066
10209442991000137661600062425        4757                     00004757            109000047572             I02100315ORC001439/00004757            20031500000000083943411444901000000000000000000000000000000000000000000000000000000000000000000000000000000000000000000000000000000060000000000000         00000000000000000000000MARIA E SILVEIRA DA SILVA E CI                                        000067
10209442991000137661600062425        4758                     00004758            109000047580             I02100315ORC001440/00004758            20031500000000089003411579201000000000000000000000000000000000000000000000000000000000000000000000000000000000000000000000000000000060000000000000         00000000000000000000000MAURICIO POCHARSKI HAUBERT 025                                        000068
10209442991000137661600062425        4759                     00004759            109000047598             I02100315ORC001441/00004759            20031500000000081323411444901000000000000000000000000000000000000000000000000000000000000000000000000000000000000000000000000000000050000000000000         00000000000000000000000MD IND E COM DE MATRIZES LTDA                                         000069
10209442991000137661600062425        4760                     00004760            109000047606             I02100315ORC001442/00004760            20031500000000054803410293101000000000000000000000000000000000000000000000000000000000000000000000000000000000000000000000000000000040000000000000         00000000000000000000000METAL GRAVA LTDA                                                      000070
10209442991000137661600062425        4761                     00004761            109000047614             I02100315ORC001443/00004761            20031500000000085353411444901000000000000000000000000000000000000000000000000000000000000000000000000000000000000000000000000000000060000000000000         00000000000000000000000MK MONTAGEM DE KITS ELETRONICO                                        000071
10209442991000137661600062425        4762                     00004762            109000047622             I02100315ORC001444/00004762            20031500000000105163411444901000000000000000000000000000000000000000000000000000000000000000000000000000000000000000000000000000000070000000000000         00000000000000000000000MULTIMOBILE BRASIL SOLUCOES EM                                        000072
10209442991000137661600062425        4763                     00004763            109000047630             I02100315ORC001445/00004763            20031500000000088573415326401000000000000000000000000000000000000000000000000000000000000000000000000000000000000000000000000000000060000000000000         00000000000000000000000NERON MENGER                                                          000073
10209442991000137661600062425        4764                     00004764            109000047648             I02100315ORC001446/00004764            20031500000000081403411444901000000000000000000000000000000000000000000000000000000000000000000000000000000000000000000000000000000050000000000000         00000000000000000000000NEW TECK EQUIPAMENTOS E SISTEM                                        000074
10209442991000137661600062425        4765                     00004765            109000047655             I02100315ORC001447/00004765            20031500000000084773410296401000000000000000000000000000000000000000000000000000000000000000000000000000000000000000000000000000000060000000000000         00000000000000000000000NOGARE DIESEL MECANICA E AUTOP                                        000075
10209442991000137661600062425        4766                     00004766            109000047663             I02100315ORC001448/00004766            20031500000000085193411444901000000000000000000000000000000000000000000000000000000000000000000000000000000000000000000000000000000060000000000000         00000000000000000000000OMX E CRISTIANE FERNANDES LTDA                                        000076
10209442991000137661600062425        4767                     00004767            109000047671             I02100315ORC001449/00004767            20031500000000082863414792801000000000000000000000000000000000000000000000000000000000000000000000000000000000000000000000000000000060000000000000         00000000000000000000000PADRONIZA UNIFORMES IND E COM                                         000077
10209442991000137661600062425        4768                     00004768            109000047689             I02100315ORC001450/00004768            20031500000000076693414792801000000000000000000000000000000000000000000000000000000000000000000000000000000000000000000000000000000050000000000000         00000000000000000000000PAULO CESAR CORREA RIBEIRO                                            000078
10209442991000137661600062425        4769                     00004769            109000047697             I02100315ORC001451/00004769            20031500000000089003411444901000000000000000000000000000000000000000000000000000000000000000000000000000000000000000000000000000000060000000000000         00000000000000000000000PITBULL PECAS E ACESSORIOS AUT                                        000079
10209442991000137661600062425        4770                     00004770            109000047705             I02100315ORC001452/00004770            20031500000000094343410293101000000000000000000000000000000000000000000000000000000000000000000000000000000000000000000000000000000060000000000000         00000000000000000000000PLASTICOS SCHMIDT LTDA                                                000080
10209442991000137661600062425        4771                     00004771            109000047713             I02100315ORC001453/00004771            20031500000000081403411579201000000000000000000000000000000000000000000000000000000000000000000000000000000000000000000000000000000050000000000000         00000000000000000000000PLASTICOS VAPA LTDA                                                   000081
10209442991000137661600062425        4772                     00004772            109000047721             I02100315ORC001454/00004772            20031500000000088363411444901000000000000000000000000000000000000000000000000000000000000000000000000000000000000000000000000000000060000000000000         00000000000000000000000POLYTEXTIL IND. E COM. LTDA                                           000082
10209442991000137661600062425        4773                     00004773            109000047739             I02100315ORC001455/00004773            20031500000000120003410207101000000000000000000000000000000000000000000000000000000000000000000000000000000000000000000000000000000080000000000000         00000000000000000000000PPA3 COMERCIO E DISTRIBUICAO D                                        000083
10209442991000137661600062425        4774                     00004774            109000047747             I02100315ORC001456/00004774            20031500000000084773411444901000000000000000000000000000000000000000000000000000000000000000000000000000000000000000000000000000000060000000000000         00000000000000000000000PPA3 COMERCIO E DISTRIBUICAO D                                        000084
10209442991000137661600062425        4775                     00004775            109000047754             I02100315ORC001457/00004775            20031500000000089003411444901000000000000000000000000000000000000000000000000000000000000000000000000000000000000000000000000000000060000000000000         00000000000000000000000QUALIPAR EQUIPAMENTOS INDUSTRI                                        000085
10209442991000137661600062425        4776                     00004776            109000047762             I02100315ORC001458/00004776            20031500000000120003411444901000000000000000000000000000000000000000000000000000000000000000000000000000000000000000000000000000000080000000000000         00000000000000000000000RENOTEC MANUTENCAO INDUSTRIA E                                        000086
10209442991000137661600062425        4777                     00004777            109000047770             I02100315ORC001459/00004777            20031500000000088363417775001000000000000000000000000000000000000000000000000000000000000000000000000000000000000000000000000000000060000000000000         00000000000000000000000RODRIGO DE CAMPOS PEREIRA                                             000087
10209442991000137661600062425        4778                     00004778            109000047788             I02100315ORC001460/00004778            20031500000000077183411658401000000000000000000000000000000000000000000000000000000000000000000000000000000000000000000000000000000050000000000000         00000000000000000000000RODRIGO NUNES GOULART                                                 000088
10209442991000137661600062425        4779                     00004779            109000047796             I02100315ORC001461/00004779            20031500000000094343411444901000000000000000000000000000000000000000000000000000000000000000000000000000000000000000000000000000000060000000000000         00000000000000000000000RTI LOCACOES EIRELI - EPP                                             000089
10209442991000137661600062425        4780                     00004780            109000047804             I02100315ORC001462/00004780            20031500000000088363414792801000000000000000000000000000000000000000000000000000000000000000000000000000000000000000000000000000000060000000000000         00000000000000000000000SAO PEDRO LIVRARIA E PAPELARIA                                        000090
10209442991000137661600062425        4781                     00004781            109000047812             I02100315ORC001463/00004781            20031500000000088363411658401000000000000000000000000000000000000000000000000000000000000000000000000000000000000000000000000000000060000000000000         00000000000000000000000SERVICO E. ELETRO. PROLAR LTDA                                        000091
10209442991000137661600062425        4782                     00004782            109000047820             I02100315ORC001464/00004782            20031500000000085823411444901000000000000000000000000000000000000000000000000000000000000000000000000000000000000000000000000000000060000000000000         00000000000000000000000SINDICATO DOS TRAB. NAS IND. Q                                        000092
10209442991000137661600062425        4783                     00004783            109000047838             I02100315ORC001465/00004783            20031500000000088363410292301000000000000000000000000000000000000000000000000000000000000000000000000000000000000000000000000000000060000000000000         00000000000000000000000STTILO ARTE REPRESENTACOES LTD                                        000093
10209442991000137661600062425        4784                     00004784            109000047846             I02100315ORC001466/00004784            20031500000000089003411444901000000000000000000000000000000000000000000000000000000000000000000000000000000000000000000000000000000060000000000000         00000000000000000000000THEC FER IND MET LTDA                                                 000094
10209442991000137661600062425        4785                     00004785            109000047853             I02100315ORC001467/00004785            20031500000000085193414792801000000000000000000000000000000000000000000000000000000000000000000000000000000000000000000000000000000060000000000000         00000000000000000000000TOQUE PELE COM COSM LTDA                                              000095
10209442991000137661600062425        4786                     00004786            109000047861             I02100315ORC001468/00004786            20031500000000088483411444901000000000000000000000000000000000000000000000000000000000000000000000000000000000000000000000000000000060000000000000         00000000000000000000000UBIRAJARA MOACIR BRAUN                                                000096
10209442991000137661600062425        4787                     00004787            109000047879             I02100315ORC001469/00004787            20031500000000094343414792801000000000000000000000000000000000000000000000000000000000000000000000000000000000000000000000000000000060000000000000         00000000000000000000000URBAN DOORS IMP, EXP E COM LTD                                        000097
10209442991000137661600062425        4788                     00004788            109000047887             I02100315ORC001470/00004788            20031500000000099543410293101000000000000000000000000000000000000000000000000000000000000000000000000000000000000000000000000000000070000000000000         00000000000000000000000VANESSA GANDOLF                                                       000098
10209442991000137661600062425        4789                     00004789            109000047895             I02100315ORC001471/00004789            20031500000000085193415326401000000000000000000000000000000000000000000000000000000000000000000000000000000000000000000000000000000060000000000000         00000000000000000000000VIVIANE PASQUALIN EIRELI                                              000099
10209442991000137661600062425        4790                     00004790            109000047903             I02100315ORC001472/00004790            20031500000000120003411444901000000000000000000000000000000000000000000000000000000000000000000000000000000000000000000000000000000080000000000000         00000000000000000000000ZANDONAI METALURGICA LTDA - ME                                        000100
10209442991000137661600062425                                 00004373            109000043738             I291003154373      00004373            06011500000000208693410000001000000000045000000000000000000000000000000000000000000000000000000000000000000000000000000000000000000000000000000000         00000000000000000000000JTC ENGRENAGENS E SERVICOS LTD                                        000101
9201341          000000000000000000000000000000          000000000000000000000000000000                                                  000000000000000000000000000000          0000013300000001646856  11/03S008160000010000000000915450                                                                                                                                                                000102
