02RETORNO01COBRANCA       661600062425        ANEXO TECNOLOGIA S E I LTDA   341BANCO ITAU S.A.12031501600BPI00817130315                                                                                                                                                                                                                                                                                   000001
10209442991000137661600062425        4685                     00004685            109000046855             I06110315ORC001373/00004685            11031500000000220152372276401000000000039200000000000000000000000000000000000000000000000000000000000000000000000002162300000000000000000000000000   13031500000000000000000000000HOSP. CLINICAS VETRINARIAS RS                                       B2000002
9201341          000000000000000000000000000000          000000000000000000000000000000                                                  000000000000000000000000000000          0000013200000001624841  13/03S008170000000100000000022015                                                                                                                                                                000003
