02RETORNO01COBRANCA       661600062425        ANEXO TECNOLOGIA S E I LTDA   341BANCO ITAU S.A.13031501600BPI00818160315                                                                                                                                                                                                                                                                                   000001
10209442991000137661600062425        4708                     00004708            109000047085             I06120315ORC001390/00004708            20031500000000089003417460901000000000039200000000000000000000000000000000000000000000000000000000000000000000000000850800000000000000000000000000   16031500000000000000000000000CONFIANCA CENTRO AUTOMOTIVO LT                                      BL000002
9201341          000000000000000000000000000000          000000000000000000000000000000                                                  000000000000000000000000000000          0000013100000001615941  16/03S008180000000100000000008900                                                                                                                                                                000003
