02RETORNO01COBRANCA       661600062425        ANEXO TECNOLOGIA S E I LTDA   341BANCO ITAU S.A.13041501600BPI00836140415                                                                                                                                                                                                                                                                                   000001
10209442991000137661600062425        4911                     00004911            109000049115             I02130415NFE001068/00004911            20041500000000088363417775001000000000000000000000000000000000000000000000000000000000000000000000000000000000000000000000000000000060000000000000         00000000000000000000000BLASTEC INSTALACOES ELETRICAS                                         000002
10209442991000137661600062425        4912                     00004912            109000049123             I02130415NFE001069/00004912            20041500000000066003414792801000000000000000000000000000000000000000000000000000000000000000000000000000000000000000000000000000000040000000000000         00000000000000000000000BOM CORTE COMERCIO DE MAQUINAS                                        000003
10209442991000137661600062425        4913                     00004913            109000049131             I02130415NFE001067/00004913            20041500000000120003411579201000000000000000000000000000000000000000000000000000000000000000000000000000000000000000000000000000000080000000000000         00000000000000000000000ACJ ENERGIA E CLIMATIZACAO LTD                                        000004
10209442991000137661600062425        4914                     00004914            109000049149             I02130415NFE001071/00004914            20041500000000054803410293101000000000000000000000000000000000000000000000000000000000000000000000000000000000000000000000000000000040000000000000         00000000000000000000000DVR INDUSTRIA COMERCIO DE COMP                                        000005
10209442991000137661600062425        4915                     00004915            109000049156             I02130415NFE001072/00004915            20041500000000054803410293101000000000000000000000000000000000000000000000000000000000000000000000000000000000000000000000000000000040000000000000         00000000000000000000000H R METAIS LTDA ME                                                    000006
10209442991000137661600062425        4916                     00004916            109000049164             I02130415NFE001074/00004916            20041500000000081403411444901000000000000000000000000000000000000000000000000000000000000000000000000000000000000000000000000000000050000000000000         00000000000000000000000KS EQUIPAMENTOS INDUSTRIAIS LT                                        000007
10209442991000137661600062425        4917                     00004917            109000049172             I02130415NFE001075/00004917            20041500000000082863415326401000000000000000000000000000000000000000000000000000000000000000000000000000000000000000000000000000000060000000000000         00000000000000000000000MAGNE SERVICOS E COMERCIO LTDA                                        000008
10209442991000137661600062425        4918                     00004918            109000049180             I02130415NFE001076/00004918            20041500000000120003410296401000000000000000000000000000000000000000000000000000000000000000000000000000000000000000000000000000000080000000000000         00000000000000000000000MARCELO MORIN NAIMAIER AUTOMAC                                        000009
10209442991000137661600062425        4919                     00004919            109000049198             I02130415NFE001077/00004919            20041500000000054803411444901000000000000000000000000000000000000000000000000000000000000000000000000000000000000000000000000000000040000000000000         00000000000000000000000METALURGICA DRAWANZ LTDA                                              000010
10209442991000137661600062425        4920                     00004920            109000049206             I02130415NFE001078/00004920            20041500000000053693411444901000000000000000000000000000000000000000000000000000000000000000000000000000000000000000000000000000000040000000000000         00000000000000000000000STILL CAR CENTRO AUTOMOTIVO LT                                        000011
10209442991000137661600062425        4713                     00004713            109000047135             I06100415ORC001395/00004713            10041500000000061040410670001000000000039200000000000000000000000000000000000000000000000000000000000000000000000000571200000000000000000000000000   14041500000000000000000000000DANIEL CELULARES                                                    B5000012
10209442991000137661600062425        4825                     00004825            109000048257             I06100415ORC001493/00004825            20041500000000054800410670001000000000039200000000000000000000000000000000000000000000000000000000000000000000000000508800000000000000000000000000   14041500000000000000000000000DANIEL CELULARES                                                    B5000013
10209442991000137661600062425        4698                     00004698            109000046988             I09130415ORC001380/00004698            20031500000000075023417709901000000000039200000000000000000000000000000000000000000000000000000000000000000000000000039200000000000000000000000000         00000000000000000000000AUTO ELETRICA BRAUN LTDA                                              000014
9201341          000000000000000000000000000000          000000000000000000000000000000                                                  000000000000000000000000000000          0000016800000001911874  14/04S008360000001300000000096757                                                                                                                                                                000015
