02RETORNO01COBRANCA       661600062425        ANEXO TECNOLOGIA S E I LTDA   341BANCO ITAU S.A.14041501600BPI00837150415                                                                                                                                                                                                                                                                                   000001
10209442991000137661600062425        4712                     00004712            109000047127             I04140415ORC001394/00004712            15041500000000093873411621201000000000000000000000000000000000000000000000000000000000000000000000000000000000000000000000000000000000000000000000         00000000000000000000000DALLA NORA E SOUZA LTDA                                               000002
10209442991000137661600062425        4921                     00004921            109000049214             I02140415NFSE00018200004921            30041500000002760003410295601000000000000000000000000000000000000000000000000000000000000000000000000000000000000000000000000000001840000000000000         00000000000000000000000SANDRO MARTINS                                                        000003
10209442991000137661600062425        4922                     00004922            109000049222             I02140415NFSE00018300004922            20041500000002760003410295601000000000000000000000000000000000000000000000000000000000000000000000000000000000000000000000000000001840000000000000         00000000000000000000000SANDRO MARTINS                                                        000004
10209442991000137661600062425                                 00004187            109000041872             I091404154187      00004187            15121400000000099533417788308000000000039200000000000000000000000000000000000000000000000000000000000000000000000000039200000000000000000000000000         00000000000000000000000JTC ENGRENAGENS E SERVICOS LTD                                        000005
10209442991000137661600062425        4515                     00004515            109000045154             I29140415ORC001213/00004515            10021500000000297383410000001000000000045000000000000000000000000000000000000000000000000000000000000000000000000000000000000000000000000000000000         00000000000000000000000JANAINA AZEVEDO DA ROCHA                                              000006
9201341          000000000000000000000000000000          000000000000000000000000000000                                                  000000000000000000000000000000          0000016900000002455055  15/04S008370000000500000000601078                                                                                                                                                                000007
