02RETORNO01COBRANCA       661600062425        ANEXO TECNOLOGIA S E I LTDA   341BANCO ITAU S.A.15041501600BPI00838160415                                                                                                                                                                                                                                                                                   000001
10209442991000137661600062425        4923                     00004923            109000049230             I02150415NFSE00018400004923            16051500000000412503411444901000000000000000000000000000000000000000000000000000000000000000000000000000000000000000000000000000000280000000000000         00000000000000000000000TREINAMENTO E PREVENCAO BRASIL                                        000002
10209442991000137661600062425        4924                     00004924            109000049248             I02150415NFSE00018400004924            16061500000000412503411444901000000000000000000000000000000000000000000000000000000000000000000000000000000000000000000000000000000280000000000000         00000000000000000000000TREINAMENTO E PREVENCAO BRASIL                                        000003
10209442991000137661600062425        4821                     00004821            109000048216             I06140415ORC001489/00004821            20041500000000094343417460901000000000039200000000000000000000000000000000000000000000000000000000000000000000000000904200000000000000000000000000   16041500000000000000000000000CONFIANCA CENTRO AUTOMOTIVO LT                                      BL000004
9201341          000000000000000000000000000000          000000000000000000000000000000                                                  000000000000000000000000000000          0000017000000002528121  16/04S008380000000300000000091934                                                                                                                                                                000005
