02RETORNO01COBRANCA       661600062425        ANEXO TECNOLOGIA S E I LTDA   341BANCO ITAU S.A.16031501600BPI00819170315                                                                                                                                                                                                                                                                                   000001
10209442991000137661600062425        4738                     00004738            109000047382             I06130315ORC001420/00004738            20031500000000073313418518301000000000039200000000000000000000000000000000000000000000000000000000000000000000000000693900000000000000000000000000   17031500000000000000000000000INSTALEMOS MANUTENCOES E INSTA                                      BL000002
10209442991000137661600062425        4746                     00004746            109000047465             I06130315ORC001428/00004746            20031500000000134221041377101000000000039200000000000000000000000000000000000000000000000000000000000000000000000001303000000000000000000000000000   17031500000000000000000000000KEC PROCESSAMENTO DE DADOS                                          B5000003
10209442991000137661600062425        4758                     00004758            109000047580             I06130315ORC001440/00004758            20031500000000089001040844101000000000039200000000000000000000000000000000000000000000000000000000000000000000000000850800000000000000000000000000   17031500000000000000000000000MAURICIO POCHARSKI HAUBERT 025                                      B5000004
9201341          000000000000000000000000000000          000000000000000000000000000000                                                  000000000000000000000000000000          0000012800000001586288  17/03S008190000000300000000029653                                                                                                                                                                000005
