02RETORNO01COBRANCA       661600062425        ANEXO TECNOLOGIA S E I LTDA   341BANCO ITAU S.A.17041501600BPI00839200415                                                                                                                                                                                                                                                                                   000001
10209442991000137661600062425        4926                     00004926            109000049263             I02170415NFSE00018400004926            20041500000000550003411444901000000000000000000000000000000000000000000000000000000000000000000000000000000000000000000000000000000370000000000000         00000000000000000000000TREINAMENTO E PREVENCAO BRASIL                                        000002
10209442991000137661600062425        4858                     00004858            109000048588             I06160415ORC001527/00004858            20041500000000089003411444901000000000039200000000000000000000000000000000000000000000000000000000000000000000000000850800000000000000000000000000   20041500000000000000000000000KONTOR MOVEIS DE ESCRITORIO LT                                      BL000003
10209442991000137661600062425        4874                     00004874            109000048745             I06160415ORC001543/00004874            20041500000000085353411444901000000000039200000000000000000000000000000000000000000000000000000000000000000000000000814300000000000000000000000000   20041500000000000000000000000MK MONTAGEM DE KITS ELETRONICO                                      BL000004
10209442991000137661600062425        4886                     00004886            109000048869             I06160415ORC001555/00004886            20041500000000120000018343601000000000039200000000000000000000000000000000000000000000000000000000000000000000000001160800000000000000000000000000   20041500000000000000000000000PPA3 COMERCIO E DISTRIBUICAO D                                      B1000005
10209442991000137661600062425        4896                     00004896            109000048968             I06160415ORC001565/00004896            20041500000000088360011489401000000000039200000000000000000000000000000000000000000000000000000000000000000000000000844400000000000000000000000000   20041500000000000000000000000STTILO ARTE REPRESENTACOES LTD                                      B2000006
10209442991000137661600062425        4911                     00004911            109000049115             I06160415NFE001068/00004911            20041500000000088360014469301000000000039200000000000000000000000000000000000000000000000000000000000000000000000000844400000000000000000000000000   20041500000000000000000000000BLASTEC INSTALACOES ELETRICAS                                       B3000007
9201341          000000000000000000000000000000          000000000000000000000000000000                                                  000000000000000000000000000000          0000016600000002536014  20/04S008390000000600000000102107                                                                                                                                                                000008
