02RETORNO01COBRANCA       661600062425        ANEXO TECNOLOGIA S E I LTDA   341BANCO ITAU S.A.17031501600BPI00820180315                                                                                                                                                                                                                                                                                   000001
10209442991000137661600062425        4792                     00004792            109000047929             I02170315NFE001053/00004792            20031500000000120003411579201000000000000000000000000000000000000000000000000000000000000000000000000000000000000000000000000000000080000000000000         00000000000000000000000ACJ ENERGIA E CLIMATIZACAO LTD                                        000002
10209442991000137661600062425        4793                     00004793            109000047937             I02170315NFE001054/00004793            20031500000000088363417775001000000000000000000000000000000000000000000000000000000000000000000000000000000000000000000000000000000060000000000000         00000000000000000000000BLASTEC INSTALACOES ELETRICAS                                         000003
10209442991000137661600062425        4794                     00004794            109000047945             I02170315NFE001055/00004794            20031500000000066003414792801000000000000000000000000000000000000000000000000000000000000000000000000000000000000000000000000000000040000000000000         00000000000000000000000BOM CORTE COMERCIO DE MAQUINAS                                        000004
10209442991000137661600062425        4795                     00004795            109000047952             I02170315NFE001057/00004795            20031500000000054803410293101000000000000000000000000000000000000000000000000000000000000000000000000000000000000000000000000000000040000000000000         00000000000000000000000DVR INDUSTRIA COMERCIO DE COMP                                        000005
10209442991000137661600062425        4796                     00004796            109000047960             I02170315NFE001058/00004796            20031500000000054803410293101000000000000000000000000000000000000000000000000000000000000000000000000000000000000000000000000000000040000000000000         00000000000000000000000H R METAIS LTDA ME                                                    000006
10209442991000137661600062425        4797                     00004797            109000047978             I02170315NFE001060/00004797            20031500000000081403411444901000000000000000000000000000000000000000000000000000000000000000000000000000000000000000000000000000000050000000000000         00000000000000000000000KS EQUIPAMENTOS INDUSTRIAIS LT                                        000007
10209442991000137661600062425        4798                     00004798            109000047986             I02170315NFE001061/00004798            20031500000000082863415326401000000000000000000000000000000000000000000000000000000000000000000000000000000000000000000000000000000060000000000000         00000000000000000000000MAGNE SERVICOS E COMERCIO LTDA                                        000008
10209442991000137661600062425        4799                     00004799            109000047994             I02170315NFE001062/00004799            20031500000000120003410296401000000000000000000000000000000000000000000000000000000000000000000000000000000000000000000000000000000080000000000000         00000000000000000000000MARCELO MORIN NAIMAIER AUTOMAC                                        000009
10209442991000137661600062425        4800                     00004800            109000048000             I02170315NFE001063/00004800            20031500000000054803411444901000000000000000000000000000000000000000000000000000000000000000000000000000000000000000000000000000000040000000000000         00000000000000000000000METALURGICA DRAWANZ LTDA                                              000010
10209442991000137661600062425        4801                     00004801            109000048018             I02170315NFE001064/00004801            20031500000000053693411444901000000000000000000000000000000000000000000000000000000000000000000000000000000000000000000000000000000040000000000000         00000000000000000000000STILL CAR CENTRO AUTOMOTIVO LT                                        000011
10209442991000137661600062425        4549                     00004549            109000045493             I06160315NFSE00013200004549            16031500000000500003991330001000000000039200000000000000000000000000000000000000000000000000000000000000000000000004960800000000000000000000000000   18031500000000000000000000000RENOTEC MANUTENCAO INDUSTRIA E                                      B3000012
10209442991000137661600062425        4704                     00004704            109000047044             I06160315ORC001386/00004704            20031500000000085190410670001000000000039200000000000000000000000000000000000000000000000000000000000000000000000000812700000000000000000000000000   18031500000000000000000000000CC CENTROCAR CENTRO AUTOMOTIVO                                      B3000013
10209442991000137661600062425        4730                     00004730            109000047309             I06160315ORC001412/00004730            20031500000000085190010883901000000000039200000000000000000000000000000000000000000000000000000000000000000000000000812700000000000000000000000000   18031500000000000000000000000GIOVANE ALGAYER DO NASCIMENTO                                       B1000014
10209442991000137661600062425        4761                     00004761            109000047614             I06160315ORC001443/00004761            20031500000000085353411444901000000000039200000000000000000000000000000000000000000000000000000000000000000000000000814300000000000000000000000000   18031500000000000000000000000MK MONTAGEM DE KITS ELETRONICO                                      BL000015
10209442991000137661600062425        4763                     00004763            109000047630             I06160315ORC001445/00004763            20031500000000088573418623101000000000039200000000000000000000000000000000000000000000000000000000000000000000000000846500000000000000000000000000   18031500000000000000000000000NERON MENGER                                                        CP000016
10209442991000137661600062425        4783                     00004783            109000047838             I06160315ORC001465/00004783            20031500000000088360011489401000000000039200000000000000000000000000000000000000000000000000000000000000000000000000844400000000000000000000000000   18031500000000000000000000000STTILO ARTE REPRESENTACOES LTD                                      B2000017
9201341          000000000000000000000000000000          000000000000000000000000000000                                                  000000000000000000000000000000          0000013200000001570693  18/03S008200000001600000000170937                                                                                                                                                                000018
