02RETORNO01COBRANCA       661600062425        ANEXO TECNOLOGIA S E I LTDA   341BANCO ITAU S.A.18031501600BPI00821190315                                                                                                                                                                                                                                                                                   000001
10209442991000137661600062425        4703                     00004703            109000047036             I06170315ORC001385/00004703            20031500000000088572371604801000000000039200000000000000000000000000000000000000000000000000000000000000000000000000846500000000000000000000000000   19031500000000000000000000000CARLOS ROBERTO COUTINHO FOLTZ                                       B3000002
10209442991000137661600062425        4721                     00004721            109000047218             I06170315ORC001403/00004721            20031500000000120002370325101000000000039200000000000000000000000000000000000000000000000000000000000000000000000001160800000000000000000000000000   19031500000000000000000000000ENGLERT E SZINVELSKI AUTO-ELET                                      B3000003
10209442991000137661600062425        4734                     00004734            109000047341             I06170315ORC001416/00004734            20031500000000088362371714501000000000039200000000000000000000000000000000000000000000000000000000000000000000000000844400000000000000000000000000   19031500000000000000000000000HELDT DESIGNER IND. E COM LTDA                                      B1000004
10209442991000137661600062425        4768                     00004768            109000047689             I06170315ORC001450/00004768            20031500000000076690410047101000000000039200000000000000000000000000000000000000000000000000000000000000000000000000727700000000000000000000000000   19031500000000000000000000000PAULO CESAR CORREA RIBEIRO                                          B1000005
9201341          000000000000000000000000000000          000000000000000000000000000000                                                  000000000000000000000000000000          0000012800000001533331  19/03S008210000000400000000037362                                                                                                                                                                000006
