02RETORNO01COBRANCA       661600062425        ANEXO TECNOLOGIA S E I LTDA   341BANCO ITAU S.A.19031501600BPI00822200315                                                                                                                                                                                                                                                                                   000001
10209442991000137661600062425                                 00004432            109000044322             I041903154432      00004432            19031500000000600003417445001000000000000000000000000000000000000000000000000000000000000000000000000000000000000000000000000000000000000000000000         00000000000000000000000JLF MATERIAIS DE CONSTRUCAO LT                                        000002
10209442991000137661600062425        4680                     00004680            109000046806             I04190315NFE001038/00004680            20031500000000110383415326401000000000000000000000000000000000000000000000000000000000000000000000000000000000000000000000000000000000000000000000         00000000000000000000000MAGNE SERVICOS E COMERCIO LTDA                                        000003
10209442991000137661600062425        4572                     00004572            109000045725             I06180315ORC001276/00004572            20021500000000075023411444901000000000039200000000000000000000000000000000000000000000000000000000000000000000000001549200000000083820000000000000   20031500000000000000000000000AUTO ELETRICA BRAUN LTDA                                            BL000004
10209442991000137661600062425        4648                     00004648            109000046483             I06180315ORC001350/00004648            20021500000000089000014337201000000000039200000000000000000000000000000000000000000000000000000000000000000000000000955400000000010460000000000000   20031500000000000000000000000PITBULL PECAS E ACESSORIOS AUT                                      B3000005
10209442991000137661600062425        4754                     00004754            109000047549             I06180315ORC001436/00004754            20031500000000169550014114501000000000039200000000000000000000000000000000000000000000000000000000000000000000000001656300000000000000000000000000   20031500000000000000000000000MADECASA COM DE MAT DE CONSTRU                                      B3000006
10209442991000137661600062425        4766                     00004766            109000047663             I06180315ORC001448/00004766            20031500000000085190331615401000000000039200000000000000000000000000000000000000000000000000000000000000000000000000812700000000000000000000000000   20031500000000000000000000000OMX E CRISTIANE FERNANDES LTDA                                      B3000007
10209442991000137661600062425                                 00004187            109000041872             I291903154187      00004187            15121400000000099533410000008000000000045000000000000000000000000000000000000000000000000000000000000000000000000000000000000000000000000000000000         00000000000000000000000JTC ENGRENAGENS E SERVICOS LTD                                        000008
9201341          000000000000000000000000000000          000000000000000000000000000000                                                  000000000000000000000000000000          0000012400000001492856  20/03S008220000000700000000122867                                                                                                                                                                000009
