02RETORNO01COBRANCA       661600062425        ANEXO TECNOLOGIA S E I LTDA   341BANCO ITAU S.A.20041501600BPI00840220415                                                                                                                                                                                                                                                                                   000001
10209442991000137661600062425        4807                     00004807            109000048075             I06170415ORC001475/00004807            20041500000000085192376311501000000000039200000000000000000000000000000000000000000000000000000000000000000000000000812700000000000000000000000000   22041500000000000000000000000AJ DIESEL COM PECAS E ACESS PA                                      B1000002
10209442991000137661600062425        4827                     00004827            109000048273             I06170415ORC001495/00004827            20041500000000088363991599001000000000039200000000000000000000000000000000000000000000000000000000000000000000000000844400000000000000000000000000   22041500000000000000000000000DISPLAYS IND. E COM. DE ETIQUE                                      B3000003
10209442991000137661600062425        4843                     00004843            109000048430             I06170415ORC001511/00004843            20041500000000054803415326401000000000039200000000000000000000000000000000000000000000000000000000000000000000000000508800000000000000000000000000   22041500000000000000000000000GRAFICA VERFLEX LTDA - ME                                           BL000004
10209442991000137661600062425        4872                     00004872            109000048729             I06170415ORC001541/00004872            20041500000000081320010883901000000000039200000000000000000000000000000000000000000000000000000000000000000000000000774000000000000000000000000000   22041500000000000000000000000MD IND E COM DE MATRIZES LTDA                                       B3000005
10209442991000137661600062425        4887                     00004887            109000048877             I06170415ORC001556/00004887            20041500000000089860010883901000000000039200000000000000000000000000000000000000000000000000000000000000000000000000859400000000000000000000000000   22041500000000000000000000000PPA3 COMERCIO E DISTRIBUICAO D                                      B3000006
10209442991000137661600062425                                 00004344            109000043449             I092004154344      00004344            20121400000000089003417788301000000000039200000000000000000000000000000000000000000000000000000000000000000000000000039200000000000000000000000000         00000000000000000000000DOUGLAS DIHL KLEIN                                                    000007
10209442991000137661600062425                                 00004369            109000043696             I092004154369      00004369            20121400000000085193417788301000000000039200000000000000000000000000000000000000000000000000000000000000000000000000039200000000000000000000000000         00000000000000000000000JANAINA AZEVEDO DA ROCHA                                              000008
10209442991000137661600062425        4557                     00004557            109000045576             I09200415NFSE00013300004557            23031500000000400003417709901000000000039200000000000000000000000000000000000000000000000000000000000000000000000000039200000000000000000000000000         00000000000000000000000FORTUNA E AGUIAR LTDA - ME                                            000009
10209442991000137661600062425        4727                     00004727            109000047275             I09200415ORC001409/00004727            20031500000000109773417709901000000000039200000000000000000000000000000000000000000000000000000000000000000000000000039200000000000000000000000000         00000000000000000000000FORTUNA E AGUIAR LTDA - ME                                            000010
9201341          000000000000000000000000000000          000000000000000000000000000000                                                  000000000000000000000000000000          0000015700000002427665  22/04S008400000000900000000108349                                                                                                                                                                000011
