02RETORNO01COBRANCA       661600062425        ANEXO TECNOLOGIA S E I LTDA   341BANCO ITAU S.A.20031501600BPI00823230315                                                                                                                                                                                                                                                                                   000001
10209442991000137661600062425                                 00004432            109000044322             I061903154432      00004432            19031500000000600001040703901000000000039200000000000000000000000000000000000000000000000000000000000000000000000005960800000000000000000000000000   23031500000000000000000000000JLF MATERIAIS DE CONSTRUCAO LT                                      B3000002
10209442991000137661600062425        4747                     00004747            109000047473             I06190315ORC001429/00004747            20031500000000089003411444901000000000039200000000000000000000000000000000000000000000000000000000000000000000000000850800000000000000000000000000   23031500000000000000000000000KONTOR MOVEIS DE ESCRITORIO LT                                      BL000003
10209442991000137661600062425        4771                     00004771            109000047713             I06190315ORC001453/00004771            20031500000000081403415613501000000000039200000000000000000000000000000000000000000000000000000000000000000000000000774800000000000000000000000000   23031500000000000000000000000PLASTICOS VAPA LTDA                                                 BL000004
10209442991000137661600062425        4772                     00004772            109000047721             I06190315ORC001454/00004772            20031500000000088360014337201000000000039200000000000000000000000000000000000000000000000000000000000000000000000000844400000000000000000000000000   23031500000000000000000000000POLYTEXTIL IND. E COM. LTDA                                         B3000005
10209442991000137661600062425        4801                     00004801            109000048018             I06190315NFE001064/00004801            20031500000000053690410670001000000000039200000000000000000000000000000000000000000000000000000000000000000000000000497700000000000000000000000000   23031500000000000000000000000STILL CAR CENTRO AUTOMOTIVO LT                                      B5000006
10209442991000137661600062425                                 00004182            109000041823             I092003154182      00004182            20111400000000082863417788308000000000039200000000000000000000000000000000000000000000000000000000000000000000000000039200000000000000000000000000         00000000000000000000000JANAINA AZEVEDO DA ROCHA                                              000007
9201341          000000000000000000000000000000          000000000000000000000000000000                                                  000000000000000000000000000000          0000011800000001393325  23/03S008230000000600000000099531                                                                                                                                                                000008
