02RETORNO01COBRANCA       661600062425        ANEXO TECNOLOGIA S E I LTDA   341BANCO ITAU S.A.22041501600BPI00841230415                                                                                                                                                                                                                                                                                   000001
10209442991000137661600062425        4805                     00004805            109000048059             I06200415ORC001473/00004805            20041500000000081400410670001000000000039200000000000000000000000000000000000000000000000000000000000000000000000000774800000000000000000000000000   23041500000000000000000000000A SARMENTO DA SILVA DOCES                                           B2000002
10209442991000137661600062425        4806                     00004806            109000048067             I06200415ORC001474/00004806            20041500000000083743411687301000000000039200000000000000000000000000000000000000000000000000000000000000000000000000798200000000000000000000000000   23041500000000000000000000000AFONSO FERNANDES DE OLIVEIRA                                        BL000003
10209442991000137661600062425        4808                     00004808            109000048083             I06200415ORC001476/00004808            20041500000000066001043450401000000000039200000000000000000000000000000000000000000000000000000000000000000000000000620800000000000000000000000000   23041500000000000000000000000ALCIONE DE ARAUJO MUNIZ                                             B3000004
10209442991000137661600062425        4809                     00004809            109000048091             I06200415ORC001477/00004809            20041500000000083942371401901000000000039200000000000000000000000000000000000000000000000000000000000000000000000000800200000000000000000000000000   23041500000000000000000000000AMF DISTRIB DE ACESS AUTOMOTIV                                      B3000005
10209442991000137661600062425        4810                     00004810            109000048109             I06200415ORC001478/00004810            20041500000000075377481184101000000000039200000000000000000000000000000000000000000000000000000000000000000000000000714500000000000000000000000000   23041500000000000000000000000ANA MARIA SILVEIRA                                                  B1000006
10209442991000137661600062425        4811                     00004811            109000048117             I06200415ORC001479/00004811            20041500000000075023411444901000000000039200000000000000000000000000000000000000000000000000000000000000000000000000711000000000000000000000000000   23041500000000000000000000000AUTO ELETRICA BRAUN LTDA                                            BL000007
10209442991000137661600062425        4812                     00004812            109000048125             I06200415ORC001480/00004812            20041500000000089002370325101000000000039200000000000000000000000000000000000000000000000000000000000000000000000000850800000000000000000000000000   23041500000000000000000000000AUTO ELETRICA E LOCACOES AJS L                                      B3000008
10209442991000137661600062425        4813                     00004813            109000048133             I06200415ORC001481/00004813            20041500000000074957481002501000000000039200000000000000000000000000000000000000000000000000000000000000000000000000710300000000000000000000000000   23041500000000000000000000000BOMBAS SINOS IND. E COM. LTDA                                       B3000009
10209442991000137661600062425        4814                     00004814            109000048141             I06200415ORC001482/00004814            20041500000000089000410018201000000000039200000000000000000000000000000000000000000000000000000000000000000000000000850800000000000000000000000000   23041500000000000000000000000BRECHO CHIC LTDA - ME                                               B3000010
10209442991000137661600062425        4816                     00004816            109000048166             I06200415ORC001484/00004816            20041500000000088573411579201000000000039200000000000000000000000000000000000000000000000000000000000000000000000000846500000000000000000000000000   23041500000000000000000000000CARLOS ROBERTO COUTINHO FOLTZ                                       BL000011
10209442991000137661600062425        4817                     00004817            109000048174             I06200415ORC001485/00004817            20041500000000085190410670001000000000039200000000000000000000000000000000000000000000000000000000000000000000000000812700000000000000000000000000   23041500000000000000000000000CC CENTROCAR CENTRO AUTOMOTIVO                                      B3000012
10209442991000137661600062425        4818                     00004818            109000048182             I06200415ORC001486/00004818            20041500000000055930010883901000000000039200000000000000000000000000000000000000000000000000000000000000000000000000520100000000000000000000000000   23041500000000000000000000000CERAMICA ATLETICO CLUBE                                             B1000013
10209442991000137661600062425        4819                     00004819            109000048190             I06200415ORC001487/00004819            20041500000000083210410897901000000000039200000000000000000000000000000000000000000000000000000000000000000000000000792900000000000000000000000000   23041500000000000000000000000COM DE TINTAS E FERRAGENS FONI                                      B3000014
10209442991000137661600062425        4820                     00004820            109000048208             I06200415ORC001488/00004820            20041500000000083740410070301000000000039200000000000000000000000000000000000000000000000000000000000000000000000000798200000000000000000000000000   23041500000000000000000000000COMERCIAL POHLFER LTDA.                                             B3000015
10209442991000137661600062425        4822                     00004822            109000048224             I06200415ORC001490/00004822            20041500000000083742370877101000000000039200000000000000000000000000000000000000000000000000000000000000000000000000798200000000000000000000000000   23041500000000000000000000000CSP AUTO CENTER LTDA                                                B3000016
10209442991000137661600062425        4823                     00004823            109000048232             I06200415ORC001491/00004823            20041500000000088362372067701000000000039200000000000000000000000000000000000000000000000000000000000000000000000000844400000000000000000000000000   23041500000000000000000000000CVB PECAS E ACESSORIOS LTDA                                         B2000017
10209442991000137661600062425        4830                     00004830            109000048307             I06200415ORC001498/00004830            20041500000000088571040478801000000000039200000000000000000000000000000000000000000000000000000000000000000000000000846500000000000000000000000000   23041500000000000000000000000D-CAPA INDUSTRIA E COMERCIO DE                                      B3000018
10209442991000137661600062425        4832                     00004832            109000048323             I06200415ORC001500/00004832            20041500000000083210410047101000000000039200000000000000000000000000000000000000000000000000000000000000000000000000792900000000000000000000000000   23041500000000000000000000000ELIANE GALON MARTINS                                                B3000019
10209442991000137661600062425        4836                     00004836            109000048364             I06200415ORC001504/00004836            20041500000000089000410152901000000000039200000000000000000000000000000000000000000000000000000000000000000000000000850800000000000000000000000000   23041500000000000000000000000FABIANO CARDOSO CIECIELSKI - M                                      B3000020
10209442991000137661600062425        4846                     00004846            109000048463             I06200415ORC001514/00004846            20041500000000088362371714501000000000039200000000000000000000000000000000000000000000000000000000000000000000000000844400000000000000000000000000   23041500000000000000000000000HELDT DESIGNER IND. E COM LTDA                                      B1000021
10209442991000137661600062425        4850                     00004850            109000048505             I06200415ORC001518/00004850            20041500000000073313418518301000000000039200000000000000000000000000000000000000000000000000000000000000000000000000693900000000000000000000000000   23041500000000000000000000000INSTALEMOS MANUTENCOES E INSTA                                      BL000022
10209442991000137661600062425        4853                     00004853            109000048539             I06200415ORC001522/00004853            20041500000000120007481169201000000000039200000000000000000000000000000000000000000000000000000000000000000000000001160800000000000000000000000000   23041500000000000000000000000JOAO DA SILVA PEREIRA - ME                                          B1000023
10209442991000137661600062425        4860                     00004860            109000048604             I06200415ORC001529/00004860            20041500000000082860410897901000000000039200000000000000000000000000000000000000000000000000000000000000000000000000789400000000000000000000000000   23041500000000000000000000000LEANDRO BATISTA DE FRAGA                                            B3000024
10209442991000137661600062425        4861                     00004861            109000048612             I06200415ORC001530/00004861            20041500000000081800014337201000000000039200000000000000000000000000000000000000000000000000000000000000000000000000778800000000000000000000000000   23041500000000000000000000000LUCIA'S CONFECCOES LTDA ME                                          B3000025
10209442991000137661600062425        4862                     00004862            109000048620             I06200415ORC001531/00004862            20041500000000096190410070301000000000039200000000000000000000000000000000000000000000000000000000000000000000000000922700000000000000000000000000   23041500000000000000000000000M M FIALHO                                                          B3000026
10209442991000137661600062425        4863                     00004863            109000048638             I06200415ORC001532/00004863            20041500000000120003411444901000000000039200000000000000000000000000000000000000000000000000000000000000000000000001160800000000000000000000000000   23041500000000000000000000000M. DA ROSA MICROCERVEJARIA - M                                      BL000027
10209442991000137661600062425        4865                     00004865            109000048653             I06200415ORC001534/00004865            20041500000000169550014114501000000000039200000000000000000000000000000000000000000000000000000000000000000000000001656300000000000000000000000000   23041500000000000000000000000MADECASA COM DE MAT DE CONSTRU                                      B3000028
10209442991000137661600062425        4866                     00004866            109000048661             I06200415ORC001535/00004866            20041500000000088482370877101000000000039200000000000000000000000000000000000000000000000000000000000000000000000000845600000000000000000000000000   23041500000000000000000000000MAQ SERVICE ASS. TEC. E LOC. E                                      B3000029
10209442991000137661600062425        4867                     00004867            109000048679             I06200415ORC001536/00004867            20041500000000120000410897901000000000039200000000000000000000000000000000000000000000000000000000000000000000000001160800000000000000000000000000   23041500000000000000000000000MARIA CAROLINA MARTINS - ME                                         B3000030
10209442991000137661600062425        4868                     00004868            109000048687             I06200415ORC001537/00004868            20041500000000088570410897901000000000039200000000000000000000000000000000000000000000000000000000000000000000000000846500000000000000000000000000   23041500000000000000000000000MARIA DO CARMO GONCALVES                                            B3000031
10209442991000137661600062425        4869                     00004869            109000048695             I06200415ORC001538/00004869            20041500000000083943411444901000000000039200000000000000000000000000000000000000000000000000000000000000000000000000800200000000000000000000000000   23041500000000000000000000000MARIA E SILVEIRA DA SILVA E CI                                      BL000032
10209442991000137661600062425        4876                     00004876            109000048760             I06200415ORC001545/00004876            20041500000000088573990303801000000000039200000000000000000000000000000000000000000000000000000000000000000000000000846500000000000000000000000000   23041500000000000000000000000NERON MENGER                                                        B1000033
10209442991000137661600062425        4877                     00004877            109000048778             I06200415ORC001546/00004877            20041500000000081400010883901000000000039200000000000000000000000000000000000000000000000000000000000000000000000000774800000000000000000000000000   23041500000000000000000000000NEW TECK EQUIPAMENTOS E SISTEM                                      B3000034
10209442991000137661600062425        4879                     00004879            109000048794             I06200415ORC001548/00004879            20041500000000085190331615401000000000039200000000000000000000000000000000000000000000000000000000000000000000000000812700000000000000000000000000   23041500000000000000000000000OMX E CRISTIANE FERNANDES LTDA                                      B3000035
10209442991000137661600062425        4880                     00004880            109000048802             I06200415ORC001549/00004880            20041500000000082860012797901000000000039200000000000000000000000000000000000000000000000000000000000000000000000000789400000000000000000000000000   23041500000000000000000000000PADRONIZA UNIFORMES IND E COM                                       B3000036
10209442991000137661600062425        4881                     00004881            109000048810             I06200415ORC001550/00004881            20041500000000076693410938101000000000039200000000000000000000000000000000000000000000000000000000000000000000000000727700000000000000000000000000   23041500000000000000000000000PAULO CESAR CORREA RIBEIRO                                          CK000037
10209442991000137661600062425        4884                     00004884            109000048844             I06200415ORC001553/00004884            20041500000000081403415613501000000000039200000000000000000000000000000000000000000000000000000000000000000000000000774800000000000000000000000000   23041500000000000000000000000PLASTICOS VAPA LTDA                                                 BL000038
10209442991000137661600062425        4885                     00004885            109000048851             I06200415ORC001554/00004885            20041500000000088360014337201000000000039200000000000000000000000000000000000000000000000000000000000000000000000000844400000000000000000000000000   23041500000000000000000000000POLYTEXTIL IND. E COM. LTDA                                         B3000039
10209442991000137661600062425        4888                     00004888            109000048885             I06200415ORC001557/00004888            20041500000000089000010883901000000000039200000000000000000000000000000000000000000000000000000000000000000000000000850800000000000000000000000000   23041500000000000000000000000QUALIPAR EQUIPAMENTOS INDUSTRI                                      B3000040
10209442991000137661600062425        4889                     00004889            109000048893             I06200415ORC001558/00004889            20041500000000120003991330001000000000039200000000000000000000000000000000000000000000000000000000000000000000000001160800000000000000000000000000   23041500000000000000000000000RENOTEC MANUTENCAO INDUSTRIA E                                      B3000041
10209442991000137661600062425        4890                     00004890            109000048901             I06200415ORC001559/00004890            20041500000000088362376395801000000000039200000000000000000000000000000000000000000000000000000000000000000000000000844400000000000000000000000000   23041500000000000000000000000RODRIGO DE CAMPOS PEREIRA                                           B3000042
10209442991000137661600062425        4891                     00004891            109000048919             I06200415ORC001560/00004891            20041500000000077181040959701000000000039200000000000000000000000000000000000000000000000000000000000000000000000000732600000000000000000000000000   23041500000000000000000000000RODRIGO NUNES GOULART                                               B5000043
10209442991000137661600062425        4892                     00004892            109000048927             I06200415ORC001561/00004892            20041500000000094340331102301000000000039200000000000000000000000000000000000000000000000000000000000000000000000000904200000000000000000000000000   23041500000000000000000000000RTI LOCACOES EIRELI - EPP                                           B3000044
10209442991000137661600062425        4893                     00004893            109000048935             I06200415ORC001562/00004893            20041500000000088361040449901000000000039200000000000000000000000000000000000000000000000000000000000000000000000000844400000000000000000000000000   23041500000000000000000000000SAO PEDRO LIVRARIA E PAPELARIA                                      B2000045
10209442991000137661600062425        4894                     00004894            109000048943             I06200415ORC001563/00004894            20041500000000088362371927301000000000039200000000000000000000000000000000000000000000000000000000000000000000000000844400000000000000000000000000   23041500000000000000000000000SERVICO E. ELETRO. PROLAR LTDA                                      B3000046
10209442991000137661600062425        4897                     00004897            109000048976             I06200415ORC001566/00004897            20041500000000094340010883901000000000039200000000000000000000000000000000000000000000000000000000000000000000000000904200000000000000000000000000   23041500000000000000000000000THEC FER IND MET LTDA                                               B3000047
10209442991000137661600062425        4898                     00004898            109000048984             I06200415ORC001567/00004898            20041500000000085190332090901000000000039200000000000000000000000000000000000000000000000000000000000000000000000000812700000000000000000000000000   23041500000000000000000000000TOQUE PELE COM COSM LTDA                                            B1000048
10209442991000137661600062425        4900                     00004900            109000049008             I06200415ORC001569/00004900            20041500000000094343411687301000000000039200000000000000000000000000000000000000000000000000000000000000000000000000904200000000000000000000000000   23041500000000000000000000000URBAN DOORS IMP, EXP E COM LTD                                      CK000049
10209442991000137661600062425        4901                     00004901            109000049016             I06200415ORC001570/00004901            20041500000000099541040490301000000000039200000000000000000000000000000000000000000000000000000000000000000000000000956200000000000000000000000000   23041500000000000000000000000VANESSA GANDOLF                                                     B5000050
10209442991000137661600062425        4902                     00004902            109000049024             I06200415ORC001571/00004902            20041500000000085190410045501000000000039200000000000000000000000000000000000000000000000000000000000000000000000000812700000000000000000000000000   23041500000000000000000000000VIVIANE PASQUALIN EIRELI                                            B3000051
10209442991000137661600062425        4903                     00004903            109000049032             I06200415ORC001572/00004903            20041500000000120003411444901000000000039200000000000000000000000000000000000000000000000000000000000000000000000001160800000000000000000000000000   23041500000000000000000000000ZANDONAI METALURGICA LTDA - ME                                      CK000052
10209442991000137661600062425        4905                     00004905            109000049057             I06200415ORC001574/00004905            20041500000000094342373258101000000000039200000000000000000000000000000000000000000000000000000000000000000000000000904200000000000000000000000000   23041500000000000000000000000COPCESKI CHAPEACAO E PINTURA L                                      B3000053
10209442991000137661600062425        4907                     00004907            109000049073             I06200415ORC001576/00004907            20041500000000088483411579201000000000039200000000000000000000000000000000000000000000000000000000000000000000000000845600000000000000000000000000   23041500000000000000000000000NEOCOR TINTAS LTDA                                                  BL000054
10209442991000137661600062425        4912                     00004912            109000049123             I06200415NFE001069/00004912            20041500000000066007481246801000000000039200000000000000000000000000000000000000000000000000000000000000000000000000620800000000000000000000000000   23041500000000000000000000000BOM CORTE COMERCIO DE MAQUINAS                                      B3000055
10209442991000137661600062425        4913                     00004913            109000049131             I06200415NFE001067/00004913            20041500000000120003411687301000000000039200000000000000000000000000000000000000000000000000000000000000000000000001160800000000000000000000000000   23041500000000000000000000000ACJ ENERGIA E CLIMATIZACAO LTD                                      BL000056
10209442991000137661600062425        4914                     00004914            109000049149             I06200415NFE001071/00004914            20041500000000054800330681701000000000039200000000000000000000000000000000000000000000000000000000000000000000000000508800000000000000000000000000   23041500000000000000000000000DVR INDUSTRIA COMERCIO DE COMP                                      B3000057
10209442991000137661600062425        4915                     00004915            109000049156             I06200415NFE001072/00004915            20041500000000054800330681701000000000039200000000000000000000000000000000000000000000000000000000000000000000000000508800000000000000000000000000   23041500000000000000000000000H R METAIS LTDA ME                                                  B3000058
10209442991000137661600062425        4916                     00004916            109000049164             I06200415NFE001074/00004916            20041500000000081403411579201000000000039200000000000000000000000000000000000000000000000000000000000000000000000000774800000000000000000000000000   23041500000000000000000000000KS EQUIPAMENTOS INDUSTRIAIS LT                                      Q0000059
10209442991000137661600062425        4919                     00004919            109000049198             I06200415NFE001077/00004919            20041500000000054801043450401000000000039200000000000000000000000000000000000000000000000000000000000000000000000000508800000000000000000000000000   23041500000000000000000000000METALURGICA DRAWANZ LTDA                                            B3000060
10209442991000137661600062425        4920                     00004920            109000049206             I06200415NFE001078/00004920            20041500000000053690410670001000000000039200000000000000000000000000000000000000000000000000000000000000000000000000497700000000000000000000000000   23041500000000000000000000000STILL CAR CENTRO AUTOMOTIVO LT                                      B1000061
10209442991000137661600062425        4922                     00004922            109000049222             I06200415NFSE00018300004922            20041500000002760003416639901000000000039200000000000000000000000000000000000000000000000000000000000000000000000027560800000000000000000000000000   23041500000000000000000000000SANDRO MARTINS                                                      BL000062
10209442991000137661600062425        4629                     00004629            109000046293             I09220415ORC001332/00004629            20021500000000169553417709901000000000039200000000000000000000000000000000000000000000000000000000000000000000000000039200000000000000000000000000         00000000000000000000000MADECASA COM DE MAT DE CONSTRU                                        000063
10209442991000137661600062425        4680                     00004680            109000046806             I09220415NFE001038/00004680            20031500000000110383417709901000000000039200000000000000000000000000000000000000000000000000000000000000000000000000039200000000000000000000000000         00000000000000000000000MAGNE SERVICOS E COMERCIO LTDA                                        000064
10209442991000137661600062425                                 00004106            109000041062             I292204154106      00004106            17111400000000096893410000008000000000045000000000000000000000000000000000000000000000000000000000000000000000000000000000000000000000000000000000         00000000000000000000000SAO PEDRO LIVRARIA E PAPELARIA                                        000065
9201341          000000000000000000000000000000          000000000000000000000000000000                                                  000000000000000000000000000000          0000009400000001599874  23/04S008410000006400000000837480                                                                                                                                                                000066
