02RETORNO01COBRANCA       661600062425        ANEXO TECNOLOGIA S E I LTDA   341BANCO ITAU S.A.23031501600BPI00824240315                                                                                                                                                                                                                                                                                   000001
10209442991000137661600062425        4692                     00004692            109000046921             I06200315ORC001374/00004692            20031500000000081403418518301000000000039200000000000000000000000000000000000000000000000000000000000000000000000000774800000000000000000000000000   24031500000000000000000000000A SARMENTO DA SILVA DOCES                                           AA000002
10209442991000137661600062425        4693                     00004693            109000046939             I06200315ORC001375/00004693            20031500000000083743411687301000000000039200000000000000000000000000000000000000000000000000000000000000000000000000798200000000000000000000000000   24031500000000000000000000000AFONSO FERNANDES DE OLIVEIRA                                        Q0000003
10209442991000137661600062425        4694                     00004694            109000046947             I06200315ORC001376/00004694            20031500000000085192376311501000000000039200000000000000000000000000000000000000000000000000000000000000000000000000812700000000000000000000000000   24031500000000000000000000000AJ DIESEL COM PECAS E ACESS PA                                      B1000004
10209442991000137661600062425        4695                     00004695            109000046954             I06200315ORC001377/00004695            20031500000000066001043450401000000000039200000000000000000000000000000000000000000000000000000000000000000000000000620800000000000000000000000000   24031500000000000000000000000ALCIONE DE ARAUJO MUNIZ                                             B3000005
10209442991000137661600062425        4696                     00004696            109000046962             I06200315ORC001378/00004696            20031500000000083940410843301000000000039200000000000000000000000000000000000000000000000000000000000000000000000000800200000000000000000000000000   24031500000000000000000000000AMF DISTRIB DE ACESS AUTOMOTIV                                      B3000006
10209442991000137661600062425        4699                     00004699            109000046996             I06200315ORC001381/00004699            20031500000000089002370325101000000000039200000000000000000000000000000000000000000000000000000000000000000000000000850800000000000000000000000000   24031500000000000000000000000AUTO ELETRICA E LOCACOES AJS L                                      B3000007
10209442991000137661600062425        4700                     00004700            109000047002             I06200315ORC001382/00004700            20031500000000074957481002501000000000039200000000000000000000000000000000000000000000000000000000000000000000000000710300000000000000000000000000   24031500000000000000000000000BOMBAS SINOS IND. E COM. LTDA                                       B3000008
10209442991000137661600062425        4701                     00004701            109000047010             I06200315ORC001383/00004701            20031500000000044500410018201000000000039200000000000000000000000000000000000000000000000000000000000000000000000000405800000000000000000000000000   24031500000000000000000000000BRECHO CHIC LTDA - ME                                               B3000009
10209442991000137661600062425        4705                     00004705            109000047051             I06200315ORC001387/00004705            20031500000000055930010883901000000000039200000000000000000000000000000000000000000000000000000000000000000000000000520100000000000000000000000000   24031500000000000000000000000CERAMICA ATLETICO CLUBE                                             B1000010
10209442991000137661600062425        4706                     00004706            109000047069             I06200315ORC001388/00004706            20031500000000083212371714501000000000039200000000000000000000000000000000000000000000000000000000000000000000000000792900000000000000000000000000   24031500000000000000000000000COM DE TINTAS E FERRAGENS FONI                                      B3000011
10209442991000137661600062425        4709                     00004709            109000047093             I06200315ORC001391/00004709            20031500000000089002373258101000000000039200000000000000000000000000000000000000000000000000000000000000000000000000850800000000000000000000000000   24031500000000000000000000000COPCESKI CHAPEACAO E PINTURA L                                      B3000012
10209442991000137661600062425        4711                     00004711            109000047119             I06200315ORC001393/00004711            20031500000000088362372067701000000000039200000000000000000000000000000000000000000000000000000000000000000000000000844400000000000000000000000000   24031500000000000000000000000CVB PECAS E ACESSORIOS LTDA                                         B2000013
10209442991000137661600062425        4714                     00004714            109000047143             I06200315ORC001396/00004714            20031500000000088363415613501000000000039200000000000000000000000000000000000000000000000000000000000000000000000000844400000000000000000000000000   24031500000000000000000000000DANIEL MARTINS R. E CIA LTDA -                                      BL000014
10209442991000137661600062425        4715                     00004715            109000047150             I06200315ORC001397/00004715            20031500000000088363991599001000000000039200000000000000000000000000000000000000000000000000000000000000000000000000844400000000000000000000000000   24031500000000000000000000000DISPLAYS IND. E COM. DE ETIQUE                                      B3000015
10209442991000137661600062425        4718                     00004718            109000047184             I06200315ORC001400/00004718            20031500000000088571040478801000000000039200000000000000000000000000000000000000000000000000000000000000000000000000846500000000000000000000000000   24031500000000000000000000000D-CAPA INDUSTRIA E COMERCIO DE                                      B3000016
10209442991000137661600062425        4720                     00004720            109000047200             I06200315ORC001402/00004720            20031500000000083210410047101000000000039200000000000000000000000000000000000000000000000000000000000000000000000000792900000000000000000000000000   24031500000000000000000000000ELIANE GALON MARTINS                                                B3000017
10209442991000137661600062425        4723                     00004723            109000047234             I06200315ORC001405/00004723            20031500000000094340410025701000000000039200000000000000000000000000000000000000000000000000000000000000000000000000904200000000000000000000000000   24031500000000000000000000000EVERTON LUIS RAMOS PINTO                                            B1000018
10209442991000137661600062425        4724                     00004724            109000047242             I06200315ORC001406/00004724            20031500000000089000410152901000000000039200000000000000000000000000000000000000000000000000000000000000000000000000850800000000000000000000000000   24031500000000000000000000000FABIANO CARDOSO CIECIELSKI - M                                      B3000019
10209442991000137661600062425        4726                     00004726            109000047267             I06200315ORC001408/00004726            20031500000000089000410897901000000000039200000000000000000000000000000000000000000000000000000000000000000000000000850800000000000000000000000000   24031500000000000000000000000FERRAGEM ORSO LTDA                                                  B3000020
10209442991000137661600062425        4728                     00004728            109000047283             I06200315ORC001410/00004728            20031500000000081330010010901000000000039200000000000000000000000000000000000000000000000000000000000000000000000000774100000000000000000000000000   24031500000000000000000000000FUSE TECNOLOGIA LTDA                                                B3000021
10209442991000137661600062425        4729                     00004729            109000047291             I06200315ORC001411/00004729            20031500000000120702370877101000000000039200000000000000000000000000000000000000000000000000000000000000000000000001167800000000000000000000000000   24031500000000000000000000000GG DIMELLO DOS SANTOS EPP                                           B5000022
10209442991000137661600062425        4731                     00004731            109000047317             I06200315ORC001413/00004731            20031500000000054803415326401000000000039200000000000000000000000000000000000000000000000000000000000000000000000000508800000000000000000000000000   24031500000000000000000000000GRAFICA VERFLEX LTDA - ME                                           BL000023
10209442991000137661600062425        4732                     00004732            109000047325             I06200315ORC001414/00004732            20031500000000089002376311501000000000039200000000000000000000000000000000000000000000000000000000000000000000000000850800000000000000000000000000   24031500000000000000000000000GTI COMERCIO LTDA - ME                                              B3000024
10209442991000137661600062425        4733                     00004733            109000047333             I06200315ORC001415/00004733            20031500000000083740331615401000000000039200000000000000000000000000000000000000000000000000000000000000000000000000798200000000000000000000000000   24031500000000000000000000000GUILHERME HENRIQUE BITENCOURT                                       B3000025
10209442991000137661600062425        4735                     00004735            109000047358             I06200315ORC001417/00004735            20031500000000120003417460901000000000039200000000000000000000000000000000000000000000000000000000000000000000000001160800000000000000000000000000   24031500000000000000000000000HELPRINTERS RECICLAGEM DE CART                                      BL000026
10209442991000137661600062425        4736                     00004736            109000047366             I06200315ORC001418/00004736            20031500000000065312372276401000000000039200000000000000000000000000000000000000000000000000000000000000000000000000613900000000000000000000000000   24031500000000000000000000000HOSP. CLINICAS VETRINARIAS RS                                       B2000027
10209442991000137661600062425        4741                     00004741            109000047416             I06200315ORC001423/00004741            20031500000000088570012867001000000000039200000000000000000000000000000000000000000000000000000000000000000000000000846500000000000000000000000000   24031500000000000000000000000JLC COM DE VEICULOS LTDA                                            B3000028
10209442991000137661600062425        4742                     00004742            109000047424             I06200315ORC001424/00004742            20031500000000120007481169201000000000039200000000000000000000000000000000000000000000000000000000000000000000000001160800000000000000000000000000   24031500000000000000000000000JOAO DA SILVA PEREIRA - ME                                          B3000029
10209442991000137661600062425        4744                     00004744            109000047440             I06200315ORC001426/00004744            20031500000000085191042284801000000000039200000000000000000000000000000000000000000000000000000000000000000000000000812700000000000000000000000000   24031500000000000000000000000K G INDUSTRIA DE ESTOJOS E EXP                                      B1000030
10209442991000137661600062425        4745                     00004745            109000047457             I06200315ORC001427/00004745            20031500000000154800410822701000000000039200000000000000000000000000000000000000000000000000000000000000000000000001508800000000000000000000000000   24031500000000000000000000000KALLANGO LTDA                                                       B3000031
10209442991000137661600062425        4748                     00004748            109000047481             I06200315ORC001430/00004748            20031500000000085193411444901000000000039200000000000000000000000000000000000000000000000000000000000000000000000000812700000000000000000000000000   24031500000000000000000000000LANA CALIBRACAO DE INSTRUMENTO                                      BL000032
10209442991000137661600062425        4749                     00004749            109000047499             I06200315ORC001431/00004749            20031500000000082862371714501000000000039200000000000000000000000000000000000000000000000000000000000000000000000000789400000000000000000000000000   24031500000000000000000000000LEANDRO BATISTA DE FRAGA                                            B3000033
10209442991000137661600062425        4752                     00004752            109000047523             I06200315ORC001434/00004752            20031500000000120003411444901000000000039200000000000000000000000000000000000000000000000000000000000000000000000001160800000000000000000000000000   24031500000000000000000000000M. DA ROSA MICROCERVEJARIA - M                                      Q0000034
10209442991000137661600062425        4753                     00004753            109000047531             I06200315ORC001435/00004753            20031500000000083742371714501000000000039200000000000000000000000000000000000000000000000000000000000000000000000000798200000000000000000000000000   24031500000000000000000000000MACDIESEL SERVICOS EM MOTORES                                       B2000035
10209442991000137661600062425        4756                     00004756            109000047564             I06200315ORC001438/00004756            20031500000000088570410897901000000000039200000000000000000000000000000000000000000000000000000000000000000000000000846500000000000000000000000000   24031500000000000000000000000MARIA DO CARMO GONCALVES                                            B3000036
10209442991000137661600062425        4759                     00004759            109000047598             I06200315ORC001441/00004759            20031500000000081320010883901000000000039200000000000000000000000000000000000000000000000000000000000000000000000000774000000000000000000000000000   24031500000000000000000000000MD IND E COM DE MATRIZES LTDA                                       B3000037
10209442991000137661600062425        4764                     00004764            109000047648             I06200315ORC001446/00004764            20031500000000081400010883901000000000039200000000000000000000000000000000000000000000000000000000000000000000000000774800000000000000000000000000   24031500000000000000000000000NEW TECK EQUIPAMENTOS E SISTEM                                      B3000038
10209442991000137661600062425        4765                     00004765            109000047655             I06200315ORC001447/00004765            20031500000000084773410296401000000000039200000000000000000000000000000000000000000000000000000000000000000000000000808500000000000000000000000000   24031500000000000000000000000NOGARE DIESEL MECANICA E AUTOP                                      CP000039
10209442991000137661600062425        4767                     00004767            109000047671             I06200315ORC001449/00004767            20031500000000082860012797901000000000039200000000000000000000000000000000000000000000000000000000000000000000000000789400000000000000000000000000   24031500000000000000000000000PADRONIZA UNIFORMES IND E COM                                       B3000040
10209442991000137661600062425        4773                     00004773            109000047739             I06200315ORC001455/00004773            20031500000000120000018343601000000000039200000000000000000000000000000000000000000000000000000000000000000000000001160800000000000000000000000000   24031500000000000000000000000PPA3 COMERCIO E DISTRIBUICAO D                                      B1000041
10209442991000137661600062425        4775                     00004775            109000047754             I06200315ORC001457/00004775            20031500000000089000010883901000000000039200000000000000000000000000000000000000000000000000000000000000000000000000850800000000000000000000000000   24031500000000000000000000000QUALIPAR EQUIPAMENTOS INDUSTRI                                      B3000042
10209442991000137661600062425        4776                     00004776            109000047762             I06200315ORC001458/00004776            20031500000000120003991330001000000000039200000000000000000000000000000000000000000000000000000000000000000000000001160800000000000000000000000000   24031500000000000000000000000RENOTEC MANUTENCAO INDUSTRIA E                                      B3000043
10209442991000137661600062425        4778                     00004778            109000047788             I06200315ORC001460/00004778            20031500000000077181040959701000000000039200000000000000000000000000000000000000000000000000000000000000000000000000732600000000000000000000000000   24031500000000000000000000000RODRIGO NUNES GOULART                                               B5000044
10209442991000137661600062425        4779                     00004779            109000047796             I06200315ORC001461/00004779            20031500000000094340010883901000000000039200000000000000000000000000000000000000000000000000000000000000000000000000904200000000000000000000000000   24031500000000000000000000000RTI LOCACOES EIRELI - EPP                                           B3000045
10209442991000137661600062425        4784                     00004784            109000047846             I06200315ORC001466/00004784            20031500000000089000010883901000000000039200000000000000000000000000000000000000000000000000000000000000000000000000850800000000000000000000000000   24031500000000000000000000000THEC FER IND MET LTDA                                               B3000046
10209442991000137661600062425        4785                     00004785            109000047853             I06200315ORC001467/00004785            20031500000000085191040432501000000000039200000000000000000000000000000000000000000000000000000000000000000000000000812700000000000000000000000000   24031500000000000000000000000TOQUE PELE COM COSM LTDA                                            B1000047
10209442991000137661600062425        4787                     00004787            109000047879             I06200315ORC001469/00004787            20031500000000094343411687301000000000039200000000000000000000000000000000000000000000000000000000000000000000000000904200000000000000000000000000   24031500000000000000000000000URBAN DOORS IMP, EXP E COM LTD                                      CK000048
10209442991000137661600062425        4789                     00004789            109000047895             I06200315ORC001471/00004789            20031500000000085190410045501000000000039200000000000000000000000000000000000000000000000000000000000000000000000000812700000000000000000000000000   24031500000000000000000000000VIVIANE PASQUALIN EIRELI                                            B3000049
10209442991000137661600062425        4790                     00004790            109000047903             I06200315ORC001472/00004790            20031500000000120003411444901000000000039200000000000000000000000000000000000000000000000000000000000000000000000001160800000000000000000000000000   24031500000000000000000000000ZANDONAI METALURGICA LTDA - ME                                      CK000050
10209442991000137661600062425        4792                     00004792            109000047929             I06200315NFE001053/00004792            20031500000000120001043451201000000000039200000000000000000000000000000000000000000000000000000000000000000000000001160800000000000000000000000000   24031500000000000000000000000ACJ ENERGIA E CLIMATIZACAO LTD                                      B3000051
10209442991000137661600062425        4793                     00004793            109000047937             I06200315NFE001054/00004793            20031500000000088360014469301000000000039200000000000000000000000000000000000000000000000000000000000000000000000000844400000000000000000000000000   24031500000000000000000000000BLASTEC INSTALACOES ELETRICAS                                       B3000052
10209442991000137661600062425        4794                     00004794            109000047945             I06200315NFE001055/00004794            20031500000000066007481246801000000000039200000000000000000000000000000000000000000000000000000000000000000000000000620800000000000000000000000000   24031500000000000000000000000BOM CORTE COMERCIO DE MAQUINAS                                      B3000053
10209442991000137661600062425        4795                     00004795            109000047952             I06200315NFE001057/00004795            20031500000000054800330681701000000000039200000000000000000000000000000000000000000000000000000000000000000000000000508800000000000000000000000000   24031500000000000000000000000DVR INDUSTRIA COMERCIO DE COMP                                      B3000054
10209442991000137661600062425        4796                     00004796            109000047960             I06200315NFE001058/00004796            20031500000000054800330681701000000000039200000000000000000000000000000000000000000000000000000000000000000000000000508800000000000000000000000000   24031500000000000000000000000H R METAIS LTDA ME                                                  B3000055
10209442991000137661600062425        4797                     00004797            109000047978             I06200315NFE001060/00004797            20031500000000081403411579201000000000039200000000000000000000000000000000000000000000000000000000000000000000000000774800000000000000000000000000   24031500000000000000000000000KS EQUIPAMENTOS INDUSTRIAIS LT                                      BL000056
10209442991000137661600062425        4798                     00004798            109000047986             I06200315NFE001061/00004798            20031500000000082860410042201000000000039200000000000000000000000000000000000000000000000000000000000000000000000000789400000000000000000000000000   24031500000000000000000000000MAGNE SERVICOS E COMERCIO LTDA                                      B3000057
10209442991000137661600062425        4800                     00004800            109000048000             I06200315NFE001063/00004800            20031500000000054801043450401000000000039200000000000000000000000000000000000000000000000000000000000000000000000000508800000000000000000000000000   24031500000000000000000000000METALURGICA DRAWANZ LTDA                                            B3000058
10209442991000137661600062425                                 00004106            109000041062             I292303154106      00004106            17111400000000096893410000008000000000045000000000000000000000000000000000000000000000000000000000000000000000000000000000000000000000000000000000         00000000000000000000000SAO PEDRO LIVRARIA E PAPELARIA                                        000059
9201341          000000000000000000000000000000          000000000000000000000000000000                                                  000000000000000000000000000000          0000006100000000895578  24/03S008240000005800000000507436                                                                                                                                                                000060
