02RETORNO01COBRANCA       661600062425        ANEXO TECNOLOGIA S E I LTDA   341BANCO ITAU S.A.23041501600BPI00842240415                                                                                                                                                                                                                                                                                   000001
10209442991000137661600062425        4712                     00004712            109000047127             I04230415ORC001394/00004712            23041500000000103363411621201000000000000000000000000000000000000000000000000000000000000000000000000000000000000000000000000000000000000000000000         00000000000000000000000DALLA NORA E SOUZA LTDA                                               000002
10209442991000137661600062425        4722                     00004722            109000047226             I04230415ORC001404/00004722            23041500000000101773411444901000000000000000000000000000000000000000000000000000000000000000000000000000000000000000000000000000000000000000000000         00000000000000000000000EVA E MARLICE DE ROUPAS LTDA M                                        000003
10209442991000137661600062425        4751                     00004751            109000047515             I04230415ORC001433/00004751            23041500000000099693411579201000000000000000000000000000000000000000000000000000000000000000000000000000000000000000000000000000000000000000000000         00000000000000000000000M M FIALHO                                                            000004
10209442991000137661600062425        4770                     00004770            109000047705             I04230415ORC001452/00004770            23041500000000107753410293101000000000000000000000000000000000000000000000000000000000000000000000000000000000000000000000000000000000000000000000         00000000000000000000000PLASTICOS SCHMIDT LTDA                                                000005
10209442991000137661600062425        4774                     00004774            109000047747             I04230415ORC001456/00004774            23041500000000098233411444901000000000000000000000000000000000000000000000000000000000000000000000000000000000000000000000000000000000000000000000         00000000000000000000000PPA3 COMERCIO E DISTRIBUICAO D                                        000006
10209442991000137661600062425        4834                     00004834            109000048349             I04230415ORC001502/00004834            23041500000000083213411444901000000000000000000000000000000000000000000000000000000000000000000000000000000000000000000000000000000000000000000000         00000000000000000000000EVA E MARLICE DE ROUPAS LTDA M                                        000007
10209442991000137661600062425        4873                     00004873            109000048737             I04230415ORC001542/00004873            28041500000000194583410293101000000000000000000000000000000000000000000000000000000000000000000000000000000000000000000000000000000000000000000000         00000000000000000000000METAL GRAVA LTDA                                                      000008
10209442991000137661600062425        4882                     00004882            109000048828             I04230415ORC001551/00004882            22041500000000204903411444901000000000000000000000000000000000000000000000000000000000000000000000000000000000000000000000000000000000000000000000         00000000000000000000000PITBULL PECAS E ACESSORIOS AUT                                        000009
10209442991000137661600062425        4917                     00004917            109000049172             I04230415NFE001075/00004917            24041500000000094273415326401000000000000000000000000000000000000000000000000000000000000000000000000000000000000000000000000000000000000000000000         00000000000000000000000MAGNE SERVICOS E COMERCIO LTDA                                        000010
10209442991000137661600062425        4707                     00004707            109000047077             I06220415ORC001389/00004707            20031500000000083740410070301000000000039200000000000000000000000000000000000000000000000000000000000000000000000000901700000000010350000000000000   24041500000000000000000000000COMERCIAL POHLFER LTDA.                                             B3000011
10209442991000137661600062425        4828                     00004828            109000048281             I06220415ORC001496/00004828            20041500000000132801043449601000000000039200000000000000000000000000000000000000000000000000000000000000000000000001423400000000013460000000000000   24041500000000000000000000000DISTRIBUIDORA DE ALIMENTOS BIL                                      B3000012
10209442991000137661600062425        4870                     00004870            109000048703             I06220415ORC001539/00004870            20041500000000089003417460901000000000039200000000000000000000000000000000000000000000000000000000000000000000000000887600000000003680000000000000   24041500000000000000000000000MAURICIO POCHARSKI HAUBERT 025                                      CP000013
10209442991000137661600062425        4918                     00004918            109000049180             I06220415NFE001076/00004918            20041500000000120001043142701000000000039200000000000000000000000000000000000000000000000000000000000000000000000001195800000000003500000000000000   24041500000000000000000000000MARCELO MORIN NAIMAIER AUTOMAC                                      B3000014
10209442991000137661600062425        4926                     00004926            109000049263             I06220415NFSE00018400004926            20041500000000550001043450401000000000039200000000000000000000000000000000000000000000000000000000000000000000000006018200000000055740000000000000   24041500000000000000000000000TREINAMENTO E PREVENCAO BRASIL                                      B3000015
9201341          000000000000000000000000000000          000000000000000000000000000000                                                  000000000000000000000000000000          0000008900000001534003  24/04S008420000001400000000206330                                                                                                                                                                000016
