02RETORNO01COBRANCA       661600062425        ANEXO TECNOLOGIA S E I LTDA   341BANCO ITAU S.A.24031501600BPI00825250315                                                                                                                                                                                                                                                                                   000001
10209442991000137661600062425        4725                     00004725            109000047259             I06230315ORC001407/00004725            20031500000000089007481184101000000000039200000000000000000000000000000000000000000000000000000000000000000000000000850800000000000000000000000000   25031500000000000000000000000FAGNER DA SILVA COIMBRA - ME                                        B3000002
10209442991000137661600062425        4755                     00004755            109000047556             I06230315ORC001437/00004755            20031500000000088482370877101000000000039200000000000000000000000000000000000000000000000000000000000000000000000000935900000000009030000000000000   25031500000000000000000000000MAQ SERVICE ASS. TEC. E LOC. E                                      B3000003
10209442991000137661600062425                                 00004228            109000042284             I292403154228      00004228            20111400000000083363410000008000000000045000000000000000000000000000000000000000000000000000000000000000000000000000000000000000000000000000000000         00000000000000000000000SAO PEDRO LIVRARIA E PAPELARIA                                        000004
10209442991000137661600062425                                 00004344            109000043449             I292403154344      00004344            20121400000000089003410000001000000000045000000000000000000000000000000000000000000000000000000000000000000000000000000000000000000000000000000000         00000000000000000000000DOUGLAS DIHL KLEIN                                                    000005
10209442991000137661600062425                                 00004369            109000043696             I292403154369      00004369            20121400000000085193410000001000000000045000000000000000000000000000000000000000000000000000000000000000000000000000000000000000000000000000000000         00000000000000000000000JANAINA AZEVEDO DA ROCHA                                              000006
10209442991000137661600062425                                 00004416            109000044165             I292403154416      00004416            20121400000000083363410000001000000000045000000000000000000000000000000000000000000000000000000000000000000000000000000000000000000000000000000000         00000000000000000000000SAO PEDRO LIVRARIA E PAPELARIA                                        000007
10209442991000137661600062425        4466                     00004466            109000044660             I29240315ORC001263/00004466            20011500000000083483410000001000000000045000000000000000000000000000000000000000000000000000000000000000000000000000000000000000000000000000000000         00000000000000000000000UBIRAJARA MOACIR BRAUN                                                000008
10209442991000137661600062425        4495                     00004495            109000044959             I29240315ORC001193/00004495            20011500000000089003410000001000000000045000000000000000000000000000000000000000000000000000000000000000000000000000000000000000000000000000000000         00000000000000000000000DOUGLAS DIHL KLEIN                                                    000009
10209442991000137661600062425        4520                     00004520            109000045204             I29240315ORC001218/00004520            20011500000000085203410000001000000000045000000000000000000000000000000000000000000000000000000000000000000000000000000000000000000000000000000000         00000000000000000000000JTC ENGRENAGENS E SERVICOS LTD                                        000010
9201341          000000000000000000000000000000          000000000000000000000000000000                                                  000000000000000000000000000000          0000005900000000877830  25/03S008250000000900000000077607                                                                                                                                                                000011
