02RETORNO01COBRANCA       661600062425        ANEXO TECNOLOGIA S E I LTDA   341BANCO ITAU S.A.25031501600BPI00826260315                                                                                                                                                                                                                                                                                   000001
10209442991000137661600062425        4710                     00004710            109000047101             I06240315ORC001392/00004710            20031500000000083740410670001000000000039200000000000000000000000000000000000000000000000000000000000000000000000000798200000000000000000000000000   26031500000000000000000000000CSP AUTO CENTER LTDA                                                B3000002
9201341          000000000000000000000000000000          000000000000000000000000000000                                                  000000000000000000000000000000          0000005800000000869456  26/03S008260000000100000000008374                                                                                                                                                                000003
