02RETORNO01COBRANCA       661600062425        ANEXO TECNOLOGIA S E I LTDA   341BANCO ITAU S.A.26031501600BPI00827270315                                                                                                                                                                                                                                                                                   000001
10209442991000137661600062425        4702                     00004702            109000047028             I06250315ORC001384/00004702            20031500000000077180010479601000000000039200000000000000000000000000000000000000000000000000000000000000000000000000812300000000007970000000000000   27031500000000000000000000000CANTECH EQUIPAMENTOS LTDA                                           B3000002
10209442991000137661600062425        4757                     00004757            109000047572             I06250315ORC001439/00004757            20031500000000083943411444901000000000039200000000000000000000000000000000000000000000000000000000000000000000000000800200000000000000000000000000   27031500000000000000000000000MARIA E SILVEIRA DA SILVA E CI                                      BL000003
9201341          000000000000000000000000000000          000000000000000000000000000000                                                  000000000000000000000000000000          0000005600000000853344  27/03S008270000000200000000016112                                                                                                                                                                000004
