02RETORNO01COBRANCA       661600062425        ANEXO TECNOLOGIA S E I LTDA   341BANCO ITAU S.A.27031501600BPI00828300315                                                                                                                                                                                                                                                                                   000001
10209442991000137661600062425        4722                     00004722            109000047226             I04270315ORC001404/00004722            27031500000000091893411444901000000000000000000000000000000000000000000000000000000000000000000000000000000000000000000000000000000000000000000000         00000000000000000000000EVA E MARLICE DE ROUPAS LTDA M                                        000002
10209442991000137661600062425        4803                     00004803            109000048034             I02270315NFSE00016900004803            25041500000000500003411658401000000000000000000000000000000000000000000000000000000000000000000000000000000000000000000000000000000330000000000000         00000000000000000000000RUDINEI ANTUNES - ME                                                  000003
10209442991000137661600062425        4804                     00004804            109000048042             I02270315NFSE00016900004804            25051500000000500003411658401000000000000000000000000000000000000000000000000000000000000000000000000000000000000000000000000000000330000000000000         00000000000000000000000RUDINEI ANTUNES - ME                                                  000004
9201341          000000000000000000000000000000          000000000000000000000000000000                                                  000000000000000000000000000000          0000005800000000954212  30/03S008280000000300000000109189                                                                                                                                                                000005
