02RETORNO01COBRANCA       661600062425        ANEXO TECNOLOGIA S E I LTDA   341BANCO ITAU S.A.30031501600BPI00829310315                                                                                                                                                                                                                                                                                   000001
10209442991000137661600062425                                 00004235            109000042359             I293003154235      00004235            26011500000000272913410000008000000000045000000000000000000000000000000000000000000000000000000000000000000000000000000000000000000000000000000000         00000000000000000000000UBIRAJARA MOACIR BRAUN                                                000002
9201341          000000000000000000000000000000          000000000000000000000000000000                                                  000000000000000000000000000000          0000005800000000954212  31/03S008290000000100000000027291                                                                                                                                                                000003
