02RETORNO01COBRANCA       416070035008        DISTRIBUIDORA DE ALIMENTOS BIL041BANRISUL       15041501600BPI                                                                                                                                                                                                                                                                                              000001
10213247845000128416070035008805076  44100                    0004410068                                   110150415PED40626240004410068          31031500000000821290414168808000000000000000000000055600000000000000000000000000000000000000000000000000000000000007656900000000000000000000000000   150415                                          7                                                  000002
10213247845000128416070035008805076  44299                    0004429966                                   110150415PED40626270004429966          02041500000001119490414168808000000000000000000000058300000000000000000000000000000000000000000000000000000000000010611900000000000000000000000000   150415                                          7                                                  000003
10213247845000128416070035008805076  44375                    0004437543                                   121150415PED40626310004437543          19031500000000230850414168808000000000000000000000000000000000000000000000000000000000000000000000000000000000000000000000000000000000000000000000                                                                                                      000004
10213247845000128416070035008815055  44585                    0004458583          2014041630105001000003   306140415PED37526330004458583          15041500000000446407484135108000000000000000000000000000000000000000000000000000000000000000000000000000000000000004464000000000000000000000000000   150415                                         11                                                  000005
10213247845000128416070035008805076  44640                    0004464028                                   141150415PED36726330004464028          02041500000000244820417914608000000000000000000000000000000000000000000000000000000000000000000000000000000000000000000000000000000000000000000000                                                                                                      000006
10213247845000128416070035008805998                           0004465679                                   11015041500044656790004465679          15041500000000357980414168800000000000000000000000034200000000000000000000000000000000000000000000000000000000000003237800000000000000000000000000   150415                                          7                                                  000007
10213247845000128416070035008805076  44772                    0004477227                                   106140415PED40626380004477227          14041500000001319800410109008000000000000000000000000000000000000000000000000000000000000000000000000000000000000013198000000000000000000000000000   150415                                         13                                                  000008
10213247845000128416070035008815055  44805                    0004480503          2014041630105001000005   306140415PED36726390004480503          14041500000000274011044135108000000000000000000000000000000000000000000000000000000000000000000000000000000000000002740100000000000000000000000000   150415                                         15                                                  000009
10213247845000128416070035008815055  44806                    0004480686          2014041630105001000005   306140415PED36726390004480686          14041500000000274001044135108000000000000000000000000000000000000000000000000000000000000000000000000000000000000002740000000000000000000000000000   150415                                         15                                                  000010
10213247845000128416070035008805076  44834                    0004483405                                   106140415PED78826390004483405          14041500000000836610410109008000000000000000000000000000000000000000000000000000000000000000000000000000000000000008366100000000000000000000000000   150415                                         13                                                  000011
10213247845000128416070035008815055  44839                    0004483995          2014041630105001000005   306140415PED78826380004483995          14041500000000353431044135108000000000000000000000000000000000000000000000000000000000000000000000000000000000000003534300000000000000000000000000   150415                                         15                                                  000012
10213247845000128416070035008805998                           0004491815                                   106140415          0004491815          15041500000000111820410109000000000000020000000000000000000000000000000000000000000000000000000000000000000000000001118200000000000000000000000000   150415                                         16                                                  000013
10213247845000128416070035008805998                           0004501896                                   106140415          0004501896          03041500000000265700411636500000000000020000000000000000000000000000000000000000000000000000000000000000000000000002657000000000008000000000000000   150415                                         11                                                  000014
10213247845000128416070035008805998                           0004504372                                   106140415          0004504372          17041500000000137420410109000000000000020000000000000000000000000000000000000000000000000000000000000000000000000001374200000000000000000000000000   150415                                         16                                                  000015
10213247845000128416070035008815055  45106                    0004510623          2014041630105001000003   306140415PED37526450004510623          14041500000000225612374135108000000000000000000000000000000000000000000000000000000000000000000000000000000000000002256100000000000000000000000000   150415                                         15                                                  000016
10213247845000128416070035008815055  45134                    0004513444          2013041630105001000013   306140415PED36726460004513444          14041500000000286071044135108000000000000000000000000000000000000000000000000000000000000000000000000000000000000002860700000000000000000000000000   150415                                         15                                                  000017
10213247845000128416070035008805076  45140                    0004514017                                   106140415PED36726460004514017          14041500000000607712374135108000000000000000000000000000000000000000000000000000000000000000000000000000000000000006077100000000000000000000000000   150415                                         15                                                  000018
10213247845000128416070035008815055  45143                    0004514351          2014041630105001000005   306140415PED10212640004514351          14041500000000195240014135108000000000000000000000000000000000000000000000000000000000000000000000000000000000000001952400000000000000000000000000   150415                                         13                                                  000019
10213247845000128416070035008815055  45149                    0004514920          2014041630105001000005   306140415PED40626460004514920          14041500000000166680410109008000000000000000000000000000000000000000000000000000000000000000000000000000000000000001666800000000000000000000000000   150415                                         16                                                  000020
10213247845000128416070035008815055  45155                    0004515595          2014041630105001000005   306140415PED10192640004515595          14041500000000143011044135108000000000000000000000000000000000000000000000000000000000000000000000000000000000000001430100000000000000000000000000   150415                                         15                                                  000021
10213247845000128416070035008805998                           0004515838                                   106140415          0004515838          14041500000000313942374135100000000000020000000000000000000000000000000000000000000000000000000000000000000000000003139400000000000000000000000000   150415                                         15                                                  000022
10213247845000128416070035008805998                           0004515919                                   106140415          0004515919          14041500000000287566344135100000000000020000000000000000000000000000000000000000000000000000000000000000000000000002875600000000000000000000000000   150415                                         15                                                  000023
10213247845000128416070035008805998                           0004516338                                   106140415          0004516338          14041500000000136500014135100000000000020000000000000000000000000000000000000000000000000000000000000000000000000001365000000000000000000000000000   150415                                         13                                                  000024
10213247845000128416070035008805998                           0004517083                                   106140415          0004517083          14041500000000522341044135100000000000020000000000000000000000000000000000000000000000000000000000000000000000000005223400000000000000000000000000   150415                                         15                                                  000025
10213247845000128416070035008805998                           0004517997                                   106140415          0004517997          14041500000000259710410109000000000000020000000000000000000000000000000000000000000000000000000000000000000000000002597100000000000000000000000000   150415                                         16                                                  000026
10213247845000128416070035008805998                           0004518071                                   106140415          0004518071          14041500000000121773994135100000000000020000000000000000000000000000000000000000000000000000000000000000000000000001217700000000000000000000000000   150415                                         13                                                  000027
10213247845000128416070035008805998                           0004518314                                   106140415          0004518314          14041500000000109502374135100000000000020000000000000000000000000000000000000000000000000000000000000000000000000001095000000000000000000000000000   150415                                         15                                                  000028
10213247845000128416070035008805998                           0004518578                                   106140415          0004518578          14041500000000220980410109000000000000020000000000000000000000000000000000000000000000000000000000000000000000000002209800000000000000000000000000   150415                                         16                                                  000029
10213247845000128416070035008805998                           0004518640                                   106140415          0004518640          14041500000000080690410109000000000000020000000000000000000000000000000000000000000000000000000000000000000000000000806900000000000000000000000000   150415                                         13                                                  000030
10213247845000128416070035008805998                           0004519078                                   106140415          0004519078          14041500000000217150410109000000000000020000000000000000000000000000000000000000000000000000000000000000000000000002171500000000000000000000000000   150415                                         16                                                  000031
10213247845000128416070035008805998                           0004520378                                   106140415          0004520378          14041500000000736683414135100000000000020000000000000000000000000000000000000000000000000000000000000000000000000007366800000000000000000000000000   150415                                         17                                                  000032
10213247845000128416070035008815055  45251                    0004525167          2014041630105001000005   306140415PED37526470004525167          15041500000000206190334135108000000000000000000000000000000000000000000000000000000000000000000000000000000000000002061900000000000000000000000000   150415                                         11                                                  000033
10213247845000128416070035008805076  45298                    0004529871                                   110150415PED40626480004529871          09041500000001239610414168808000000000114000000000000000000000000000000000000000000000000000000000000000000000000012396100000000000000000000000000   150415                                         1                                                   000034
10213247845000128416070035008815055  45354                    0004535480          2014041630105001000003   306140415PED021242/0004535480          16041500000000214230014135108000000000000000000000000000000000000000000000000000000000000000000000000000000000000002142300000000000000000000000000   150415                                         15                                                  000035
10213247845000128416070035008805076  45390                    0004539028                                   106140415PED34426530004539028          14041500000000542821044135108000000000000000000000000000000000000000000000000000000000000000000000000000000000000005428200000000000000000000000000   150415                                         15                                                  000036
10213247845000128416070035008815055  45392                    0004539281          2014041630105001000014   306140415PED37526530004539281          14041500000000100660014135108000000000000000000000000000000000000000000000000000000000000000000000000000000000000001006600000000000000000000000000   150415                                         12                                                  000037
10213247845000128416070035008805076  45405                    0004540581                                   123150415PED36726530004540581          10041500000000197490411636508000000000000000000000000000000000000000000000000000000000000000000000000000000000000000000000000000000000000000000000                                                                                                      000038
10213247845000128416070035008805076  45433                    0004543300                                   132150415PED10222650004543300          21041500000000343470414168801000000000000000000000000000000000000000000000000000000000000000000000000000000000000003434700000000000000000000000000   150415                                          1                                                  000039
10213247845000128416070035008805076  45448                    0004544889                                   123150415PED10222650004544889          10041500000000231840412329908000000000000000000000000000000000000000000000000000000000000000000000000000000000000000000000000000000000000000000000                                                                                                      000040
10213247845000128416070035008805076  45457                    0004545796                                   132150415PED78826530004545796          22041500000000330750414168801000000000000000000000000000000000000000000000000000000000000000000000000000000000000003307500000000000000000000000000   150415                                          1                                                  000041
10213247845000128416070035008805076  45491                    0004549198                                   106140415PED78826530004549198          14041500000000366250410109008000000000000000000000000000000000000000000000000000000000000000000000000000000000000003662500000000000000000000000000   150415                                         16                                                  000042
10213247845000128416070035008805076  45496                    0004549678                                   110150415PED10212650004549678          11041500000000322770414168808000000000000000000000000000000000000000000000000000000000000000000000000000000000000003227700000000000000000000000000   150415                                         1                                                   000043
10213247845000128416070035008805076  45497                    0004549759                                   106140415PED10212650004549759          15041500000000383430410109008000000000000000000000000000000000000000000000000000000000000000000000000000000000000003834300000000000000000000000000   150415                                         16                                                  000044
10213247845000128416070035008815055  45498                    0004549848          2013041630105001000013   306140415PED10212650004549848          14041500000000083071044135108000000000000000000000000000000000000000000000000000000000000000000000000000000000000000830700000000000000000000000000   150415                                         13                                                  000045
10213247845000128416070035008805076  45508                    0004550897                                   132150415PED78826530004550897          22041500000000363340414168801000000000000000000000000000000000000000000000000000000000000000000000000000000000000003633400000000000000000000000000   150415                                          1                                                  000046
10213247845000128416070035008805076  45509                    0004550978                                   132150415PED78826530004550978          29041500000000363330414168801000000000000000000000000000000000000000000000000000000000000000000000000000000000000003633300000000000000000000000000   150415                                          1                                                  000047
10213247845000128416070035008805076  45524                    0004552466                                   132150415PED34426540004552466          22041500000000335860414168801000000000000000000000000000000000000000000000000000000000000000000000000000000000000003358600000000000000000000000000   150415                                          1                                                  000048
10213247845000128416070035008805076  45536                    0004553608                                   132150415PED78826540004553608          22041500000000343890414168801000000000000000000000000000000000000000000000000000000000000000000000000000000000000003438900000000000000000000000000   150415                                          1                                                  000049
10213247845000128416070035008805076  45537                    0004553780                                   132150415PED78826540004553780          29041500000000343880414168801000000000000000000000000000000000000000000000000000000000000000000000000000000000000003438800000000000000000000000000   150415                                          1                                                  000050
10213247845000128416070035008805076  45552                    0004555279                                   106140415PED36726540004555279          14041500000000629211044135108000000000000000000000000000000000000000000000000000000000000000000000000000000000000006292100000000000000000000000000   150415                                         13                                                  000051
10213247845000128416070035008805076  45560                    0004556003                                   132150415PED36726550004556003          30041500000000354240414168801000000000000000000000000000000000000000000000000000000000000000000000000000000000000003542400000000000000000000000000   150415                                          1                                                  000052
10213247845000128416070035008805076  45563                    0004556348                                   106140415PED10192650004556348          16041500000000343521044135108000000000000000000000000000000000000000000000000000000000000000000000000000000000000003435200000000000000000000000000   150415                                         15                                                  000053
10213247845000128416070035008815055  45567                    0004556755          2014041630105001000005   306140415PED37526540004556755          15041500000000093751044135108000000000000000000000000000000000000000000000000000000000000000000000000000000000000000937500000000000000000000000000   150415                                         15                                                  000054
10213247845000128416070035008805076  45572                    0004557255                                   132150415PED36726540004557255          22041500000000355510414168801000000000000000000000000000000000000000000000000000000000000000000000000000000000000003555100000000000000000000000000   150415                                          1                                                  000055
10213247845000128416070035008805076  45576                    0004557662                                   132150415PED021326/0004557662          23041500000000347710414168801000000000000000000000000000000000000000000000000000000000000000000000000000000000000003477100000000000000000000000000   150415                                          1                                                  000056
10213247845000128416070035008805076  45607                    0004560795                                   106140415PED36726550004560795          16041500000000170082374135108000000000000000000000000000000000000000000000000000000000000000000000000000000000000001700800000000000000000000000000   150415                                         15                                                  000057
10213247845000128416070035008805076  45613                    0004561376                                   106140415PED10192650004561376          16041500000000240660334135108000000000000000000000000000000000000000000000000000000000000000000000000000000000000002406600000000000000000000000000   150415                                         12                                                  000058
10213247845000128416070035008805076  45660                    0004566084                                   132150415PED021394/0004566084          04051500000000147070414168801000000000000000000000000000000000000000000000000000000000000000000000000000000000000001470700000000000000000000000000   150415                                          1                                                  000059
10213247845000128416070035008805076  45665                    0004566572                                   132150415PED36726590004566572          04051500000000238590414168801000000000000000000000000000000000000000000000000000000000000000000000000000000000000002385900000000000000000000000000   150415                                          1                                                  000060
10213247845000128416070035008805076  45675                    0004567560                                   132150415PED36726590004567560          04051500000000070000414168801000000000000000000000000000000000000000000000000000000000000000000000000000000000000000700000000000000000000000000000   150415                                          1                                                  000061
10213247845000128416070035008805076  45684                    0004568486                                   132150415PED021408/0004568486          20041500000000211280414168801000000000000000000000000000000000000000000000000000000000000000000000000000000000000002112800000000000000000000000000   150415                                          1                                                  000062
10213247845000128416070035008805076  45685                    0004568559                                   132150415PED40626590004568559          04051500000000111130414168801000000000000000000000000000000000000000000000000000000000000000000000000000000000000001111300000000000000000000000000   150415                                          1                                                  000063
10213247845000128416070035008805076  45692                    0004569210                                   132150415PED40626590004569210          27041500000000118510414168801000000000000000000000000000000000000000000000000000000000000000000000000000000000000001185100000000000000000000000000   150415                                          1                                                  000064
9201041          000003550000001423153000000000 00000000000000000000000000038000000001202420                                                                                                                                                                                                                                                                                                              000065
