02RETORNO01COBRANCA       416070035008        DISTRIBUIDORA DE ALIMENTOS BIL041BANRISUL       13041501600BPI                                                                                                                                                                                                                                                                                              000001
10213247845000128416070035008805076  45646                    0004564677                                    03130415PED37526560004564677          1704150000000064000041       000000000000000000000000000000000000000000000000000000000000000000000000000000000000000000000000000000000000000000000                                                                                          49          000002
10213247845000128416070035008805076  44180                    0004418085                                   115100415PED34426250004418085          24031500000000105480411974708000000000000000000000005700000000000000000000000000000000000000000000000000000000000000997800000000001920000000000000   130415                                         17                                                  000003
10213247845000128416070035008805076  44298                    0004429885                                   106100415PED34426270004429885          10041500000000580310410109008000000000000000000000000000000000000000000000000000000000000000000000000000000000000005803100000000000000000000000000   130415                                         16                                                  000004
10213247845000128416070035008805076  44306                    0004430697                                   106100415PED34426270004430697          10041500000000473981044135108000000000000000000000000000000000000000000000000000000000000000000000000000000000000004739800000000000000000000000000   130415                                         15                                                  000005
10213247845000128416070035008815055  44317                    0004431766          2014041630105001000005   306100415PED78826280004431766          10041500000000314900334135108000000000000000000000000000000000000000000000000000000000000000000000000000000000000003149000000000000000000000000000   130415                                         17                                                  000006
10213247845000128416070035008805076  44340                    0004434080                                   106100415PED37526280004434080          10041500000000588247484135108000000000000000000000000000000000000000000000000000000000000000000000000000000000000005882400000000000000000000000000   130415                                         11                                                  000007
10213247845000128416070035008815055  44346                    0004434668          2014041630105001000003   306100415PED37526270004434668          10041500000000263710410109008000000000000000000000000000000000000000000000000000000000000000000000000000000000000002637100000000000000000000000000   130415                                         17                                                  000008
10213247845000128416070035008815055  44359                    0004435982          2014041630105001000003   306100415PED40626280004435982          10041500000000416870410109008000000000000000000000000000000000000000000000000000000000000000000000000000000000000004168700000000000000000000000000   130415                                         11                                                  000009
10213247845000128416070035008805076  44424                    0004442407                                   106100415PED40626310004442407          07041500000001033170414168808000000000000000000000000000000000000000000000000000000000000000000000000000000000000010331700000000009300000000000000   130415                                         11                                                  000010
10213247845000128416070035008815055  44427                    0004442733          2014041630105001000003   310130415PED10192630004442733          07041500000000204740414168808000000000000000000000000000000000000000000000000000000000000000000000000000000000000002047400000000000000000000000000   130415                                         1                                                   000011
10213247845000128416070035008815055  44456                    0004445627          2014041630105001000003   306100415PED37526320004445627          14041500000000433350410109008000000000000000000000000000000000000000000000000000000000000000000000000000000000000004333500000000000000000000000000   130415                                         16                                                  000012
10213247845000128416070035008815055  44457                    0004445708          2014041630105001000003   306100415PED37526320004445708          14041500000000260000410109008000000000000000000000000000000000000000000000000000000000000000000000000000000000000002600000000000000000000000000000   130415                                         16                                                  000013
10213247845000128416070035008815055  44531                    0004453123          2014041630105001000003   306100415PED36726320004453123          07041500000000383810413087208000000000000000000000000000000000000000000000000000000000000000000000000000000000000003838100000000003450000000000000   130415                                         11                                                  000014
10213247845000128416070035008805076  44535                    0004453530                                   106100415PED36726320004453530          08041500000000715850413087208000000000000000000000000000000000000000000000000000000000000000000000000000000000000007158500000000004300000000000000   130415                                         11                                                  000015
10213247845000128416070035008805076  44673                    0004467329                                   106100415PED36726340004467329          10041500000000578393994135108000000000000000000000000000000000000000000000000000000000000000000000000000000000000005783900000000000000000000000000   130415                                         11                                                  000016
10213247845000128416070035008815055  44702                    0004470206          2014041630105001000003   306100415PED78826350004470206          10041500000000184730410109008000000000000000000000000000000000000000000000000000000000000000000000000000000000000001847300000000000000000000000000   130415                                         16                                                  000017
10213247845000128416070035008805076  44704                    0004470451                                   106100415PED36726350004470451          10041500000000497450410109008000000000000000000000000000000000000000000000000000000000000000000000000000000000000004974500000000000000000000000000   130415                                         16                                                  000018
10213247845000128416070035008815055  44730                    0004473000          2014041630105001000003   306100415PED78826380004473000          13041500000000409850410109008000000000000000000000000000000000000000000000000000000000000000000000000000000000000004098500000000000000000000000000   130415                                         16                                                  000019
10213247845000128416070035008805076  44740                    0004474090                                   106100415PED40626350004474090          10041500000002280000410109008000000000000000000000000000000000000000000000000000000000000000000000000000000000000022800000000000000000000000000000   130415                                         13                                                  000020
10213247845000128416070035008815055  44787                    0004478703          2014041630105001000005   306100415PED10192630004478703          06041500000000277710419480308000000000000000000000000000000000000000000000000000000000000000000000000000000000000002777100000000003320000000000000   130415                                         11                                                  000021
10213247845000128416070035008805076  44798                    0004479874                                   115100415PED34426390004479874          27031500000000099320414168808000000000000000000000005700000000000000000000000000000000000000000000000000000000000000936200000000001200000000000000   130415                                         17                                                  000022
10213247845000128416070035008815055  44850                    0004485068          2014041630105001000014   306100415PED10222630004485068          07041500000000103200411974708000000000000000000000000000000000000000000000000000000000000000000000000000000000000001032000000000000930000000000000   130415                                         11                                                  000023
10213247845000128416070035008815055  44870                    0004487044          2014041630105001000005   306100415PED36726390004487044          08041500000000344370413087208000000000000000000000000000000000000000000000000000000000000000000000000000000000000003443700000000002060000000000000   130415                                         11                                                  000024
10213247845000128416070035008805998                           0004492803                                   106100415          0004492803          08041500000000169950417914600000000000020000000000000000000000000000000000000000000000000000000000000000000000000001699500000000000510000000000000   130415                                         11                                                  000025
10213247845000128416070035008805998                           0004497287                                   106100415          0004497287          09041500000000358660414168800000000000020000000000000000000000000000000000000000000000000000000000000000000000000003586600000000001080000000000000   130415                                         11                                                  000026
10213247845000128416070035008805998                           0004500563                                   106100415          0004500563          10041500000000318471044135100000000000020000000000000000000000000000000000000000000000000000000000000000000000000003184700000000000000000000000000   130415                                         15                                                  000027
10213247845000128416070035008805998                           0004502396                                   106100415          0004502396          10041500000000106461044135100000000000020000000000000000000000000000000000000000000000000000000000000000000000000001064600000000000000000000000000   130415                                         15                                                  000028
10213247845000128416070035008805998                           0004502477                                   106100415          0004502477          10041500000000347830410109000000000000020000000000000000000000000000000000000000000000000000000000000000000000000003478300000000000000000000000000   130415                                         16                                                  000029
10213247845000128416070035008805998                           0004503201                                   106100415          0004503201          10041500000000243900410109000000000000020000000000000000000000000000000000000000000000000000000000000000000000000002439000000000000000000000000000   130415                                         13                                                  000030
10213247845000128416070035008805998                           0004506847                                   106100415          0004506847          06041500000000168600411110 00000000000020000000000000000000000000000000000000000000000000000000000000000000000000001686000000000001530000000000000   130415                                         11                                                  000031
10213247845000128416070035008815055  45100                    0004510054          2014041630105001000003   306100415PED37526450004510054          13041500000000397952374135108000000000000000000000000000000000000000000000000000000000000000000000000000000000000003979500000000000000000000000000   130415                                         15                                                  000032
10213247845000128416070035008815055  45136                    0004513606          2014041630105001000003   306100415PED40626460004513606          14041500000000228060410109008000000000000000000000000000000000000000000000000000000000000000000000000000000000000002280600000000000000000000000000   130415                                         11                                                  000033
10213247845000128416070035008815055  45153                    0004515358          2014041630105001000003   306100415PED10192640004515358          14041500000000242820414168808000000000000000000000000000000000000000000000000000000000000000000000000000000000000002428200000000000000000000000000   130415                                         11                                                  000034
10213247845000128416070035008805998                           0004524330                                   106100415          0004524330          08041500000000258500414168800000000000020000000000000000000000000000000000000000000000000000000000000000000000000002585000000000001560000000000000   130415                                         11                                                  000035
10213247845000128416070035008805076  45427                    0004542738                                   106100415PED10222650004542738          10041500000000126840014135108000000000000000000000000000000000000000000000000000000000000000000000000000000000000001268400000000000000000000000000   130415                                         11                                                  000036
10213247845000128416070035008815055  45442                    0004544218          2014041630105001000014   332130415PED34426530004544218          28041500000000223260414168801000000000000000000000000000000000000000000000000000000000000000000000000000000000000002232600000000000000000000000000   130415                                          1                                                  000037
10213247845000128416070035008805076  45516                    0004551621                                   132130415PED10192650004551621          22041500000000168230414168801000000000000000000000000000000000000000000000000000000000000000000000000000000000000001682300000000000000000000000000   130415                                          1                                                  000038
10213247845000128416070035008805076  45520                    0004552040                                   132130415PED10192650004552040          15041500000000182630414168801000000000000000000000000000000000000000000000000000000000000000000000000000000000000001826300000000000000000000000000   130415                                          1                                                  000039
10213247845000128416070035008805076  45521                    0004552121                                   132130415PED37526540004552121          22041500000000235100414168801000000000000000000000000000000000000000000000000000000000000000000000000000000000000002351000000000000000000000000000   130415                                          1                                                  000040
10213247845000128416070035008805076  45522                    0004552202                                   132130415PED021307/0004552202          29041500000000166920414168801000000000000000000000000000000000000000000000000000000000000000000000000000000000000001669200000000000000000000000000   130415                                          1                                                  000041
10213247845000128416070035008805076  45528                    0004552873                                   132130415PED37526540004552873          22041500000000094350414168801000000000000000000000000000000000000000000000000000000000000000000000000000000000000000943500000000000000000000000000   130415                                          1                                                  000042
10213247845000128416070035008805076  45531                    0004553128                                   132130415PED37526540004553128          15041500000000137500414168801000000000000000000000000000000000000000000000000000000000000000000000000000000000000001375000000000000000000000000000   130415                                          1                                                  000043
10213247845000128416070035008805076  45543                    0004554361                                   132130415PED37526540004554361          16041500000000211650414168801000000000000000000000000000000000000000000000000000000000000000000000000000000000000002116500000000000000000000000000   130415                                          1                                                  000044
10213247845000128416070035008805076  45546                    0004554698                                   132130415PED34426540004554698          29041500000000171760414168801000000000000000000000000000000000000000000000000000000000000000000000000000000000000001717600000000000000000000000000   130415                                          1                                                  000045
10213247845000128416070035008805076  45556                    0004555686                                   132130415PED34426540004555686          22041500000000120090414168801000000000000000000000000000000000000000000000000000000000000000000000000000000000000001200900000000000000000000000000   130415                                          1                                                  000046
10213247845000128416070035008805076  45559                    0004555929                                   132130415PED021331/0004555929          23041500000000205500414168801000000000000000000000000000000000000000000000000000000000000000000000000000000000000002055000000000000000000000000000   130415                                          1                                                  000047
10213247845000128416070035008805076  45562                    0004556267                                   132130415PED021327/0004556267          23041500000000100500414168801000000000000000000000000000000000000000000000000000000000000000000000000000000000000001005000000000000000000000000000   130415                                          1                                                  000048
10213247845000128416070035008805076  45564                    0004556429                                   132130415PED36726540004556429          23041500000000098160414168801000000000000000000000000000000000000000000000000000000000000000000000000000000000000000981600000000000000000000000000   130415                                          1                                                  000049
10213247845000128416070035008805076  45567                    0004556755                                   132130415PED37526540004556755          15041500000000093750414168801000000000000000000000000000000000000000000000000000000000000000000000000000000000000000937500000000000000000000000000   130415                                          1                                                  000050
10213247845000128416070035008805076  45570                    0004557093                                   132130415PED40626550004557093          23041500000000186300414168801000000000000000000000000000000000000000000000000000000000000000000000000000000000000001863000000000000000000000000000   130415                                          1                                                  000051
10213247845000128416070035008805076  45573                    0004557336                                   132130415PED36726540004557336          14041500000000134030414168801000000000000000000000000000000000000000000000000000000000000000000000000000000000000001340300000000000000000000000000   130415                                          1                                                  000052
10213247845000128416070035008805076  45578                    0004557824                                   132130415PED10212650004557824          22041500000000134910414168801000000000000000000000000000000000000000000000000000000000000000000000000000000000000001349100000000000000000000000000   130415                                          1                                                  000053
10213247845000128416070035008805076  45581                    0004558162                                   132130415PED36726550004558162          30041500000000231920414168801000000000000000000000000000000000000000000000000000000000000000000000000000000000000002319200000000000000000000000000   130415                                          1                                                  000054
10213247845000128416070035008805076  45582                    0004558243                                   132130415PED40626540004558243          16041500000000098610414168801000000000000000000000000000000000000000000000000000000000000000000000000000000000000000986100000000000000000000000000   130415                                          1                                                  000055
10213247845000128416070035008805076  45593                    0004559312                                   132130415PED78826540004559312          22041500000000102550414168801000000000000000000000000000000000000000000000000000000000000000000000000000000000000001025500000000000000000000000000   130415                                          1                                                  000056
10213247845000128416070035008805076  45595                    0004559568                                   132130415PED10192650004559568          16041500000000203640414168801000000000000000000000000000000000000000000000000000000000000000000000000000000000000002036400000000000000000000000000   130415                                          1                                                  000057
10213247845000128416070035008805076  45597                    0004559738                                   132130415PED10192650004559738          16041500000000193110414168801000000000000000000000000000000000000000000000000000000000000000000000000000000000000001931100000000000000000000000000   130415                                          1                                                  000058
10213247845000128416070035008805076  45599                    0004559983                                   102130415PED10192650004559983          30041500000000114250414168808000000000020000000000000000000000000000000000000000000000000000000000000000000000000000000000000000000000000000000000                                                                                                      000059
10213247845000128416070035008805076  45601                    0004560124                                   102130415PED34426550004560124          23041500000000201250414168808000000000020000000000000000000000000000000000000000000000000000000000000000000000000000000000000000000000000000000000                                                                                                      000060
10213247845000128416070035008805076  45602                    0004560205                                   102130415PED34426550004560205          30041500000000186170414168808000000000020000000000000000000000000000000000000000000000000000000000000000000000000000000000000000000000000000000000                                                                                                      000061
10213247845000128416070035008805076  45603                    0004560388                                   102130415PED34426550004560388          07051500000000552810414168808000000000020000000000000000000000000000000000000000000000000000000000000000000000000000000000000000000000000000000000                                                                                                      000062
10213247845000128416070035008805076  45604                    0004560469                                   102130415PED37526550004560469          30041500000000775700411636508000000000020000000000000000000000000000000000000000000000000000000000000000000000000000000000000000000000000000000000                                                                                                      000063
10213247845000128416070035008805076  45605                    0004560531                                   102130415PED36726550004560531          30041500000000379240412907608000000000020000000000000000000000000000000000000000000000000000000000000000000000000000000000000000000000000000000000                                                                                                      000064
10213247845000128416070035008805076  45606                    0004560612                                   102130415PED10192650004560612          16041500000000113290414168808000000000020000000000000000000000000000000000000000000000000000000000000000000000000000000000000000000000000000000000                                                                                                      000065
10213247845000128416070035008805076  45607                    0004560795                                   102130415PED36726550004560795          16041500000000170080411636508000000000020000000000000000000000000000000000000000000000000000000000000000000000000000000000000000000000000000000000                                                                                                      000066
10213247845000128416070035008805076  45608                    0004560876                                   102130415PED10212650004560876          23041500000000161080412907608000000000020000000000000000000000000000000000000000000000000000000000000000000000000000000000000000000000000000000000                                                                                                      000067
10213247845000128416070035008805076  45609                    0004560957                                   102130415PED10192650004560957          23041500000000244740414168808000000000020000000000000000000000000000000000000000000000000000000000000000000000000000000000000000000000000000000000                                                                                                      000068
10213247845000128416070035008805076  45611                    0004561112                                   102130415PED40626550004561112          30041500000001807880414168808000000000020000000000000000000000000000000000000000000000000000000000000000000000000000000000000000000000000000000000                                                                                                      000069
10213247845000128416070035008805076  45612                    0004561295                                   102130415PED10192650004561295          23041500000000116560414168808000000000020000000000000000000000000000000000000000000000000000000000000000000000000000000000000000000000000000000000                                                                                                      000070
10213247845000128416070035008805076  45613                    0004561376                                   102130415PED10192650004561376          16041500000000240660414168808000000000020000000000000000000000000000000000000000000000000000000000000000000000000000000000000000000000000000000000                                                                                                      000071
10213247845000128416070035008805076  45614                    0004561457                                   102130415PED10192650004561457          23041500000000326410414168808000000000020000000000000000000000000000000000000000000000000000000000000000000000000000000000000000000000000000000000                                                                                                      000072
10213247845000128416070035008805076  45615                    0004561538                                   102130415PED40626550004561538          23041500000000299100414168808000000000020000000000000000000000000000000000000000000000000000000000000000000000000000000000000000000000000000000000                                                                                                      000073
10213247845000128416070035008805076  45617                    0004561783                                   102130415PED36726550004561783          01051500000000325560414168808000000000020000000000000000000000000000000000000000000000000000000000000000000000000000000000000000000000000000000000                                                                                                      000074
10213247845000128416070035008805076  45619                    0004561945                                   102130415PED36726550004561945          24041500000000276720411636508000000000020000000000000000000000000000000000000000000000000000000000000000000000000000000000000000000000000000000000                                                                                                      000075
10213247845000128416070035008805076  45620                    0004562038                                   102130415PED34426550004562038          24041500000000212260414168808000000000020000000000000000000000000000000000000000000000000000000000000000000000000000000000000000000000000000000000                                                                                                      000076
10213247845000128416070035008805076  45621                    0004562100                                   102130415PED10192650004562100          17041500000000198860414168808000000000020000000000000000000000000000000000000000000000000000000000000000000000000000000000000000000000000000000000                                                                                                      000077
10213247845000128416070035008805076  45624                    0004562445                                   102130415PED10192650004562445          16041500000000232580414168808000000000020000000000000000000000000000000000000000000000000000000000000000000000000000000000000000000000000000000000                                                                                                      000078
10213247845000128416070035008805076  45625                    0004562518                                   102130415PED40626550004562518          24041500000000272230414168808000000000020000000000000000000000000000000000000000000000000000000000000000000000000000000000000000000000000000000000                                                                                                      000079
10213247845000128416070035008805076  45626                    0004562690                                   102130415PED021337/0004562690          01051500000000245900414168808000000000020000000000000000000000000000000000000000000000000000000000000000000000000000000000000000000000000000000000                                                                                                      000080
10213247845000128416070035008805076  45627                    0004562771                                   102130415PED34426550004562771          17041500000000249330414168808000000000020000000000000000000000000000000000000000000000000000000000000000000000000000000000000000000000000000000000                                                                                                      000081
10213247845000128416070035008805076  45628                    0004562852                                   102130415PED10212650004562852          13041500000000321110417856508000000000020000000000000000000000000000000000000000000000000000000000000000000000000000000000000000000000000000000000                                                                                                      000082
10213247845000128416070035008805076  45629                    0004562933                                   102130415PED10222650004562933          24041500000000105230417856508000000000020000000000000000000000000000000000000000000000000000000000000000000000000000000000000000000000000000000000                                                                                                      000083
10213247845000128416070035008805076  45630                    0004563018                                   102130415PED10222650004563018          24041500000000212530417856508000000000020000000000000000000000000000000000000000000000000000000000000000000000000000000000000000000000000000000000                                                                                                      000084
10213247845000128416070035008805076  45632                    0004563271                                   102130415PED37526550004563271          24041500000000134450419407208000000000020000000000000000000000000000000000000000000000000000000000000000000000000000000000000000000000000000000000                                                                                                      000085
10213247845000128416070035008805076  45633                    0004563352                                   102130415PED10222650004563352          24041500000000084200417856508000000000020000000000000000000000000000000000000000000000000000000000000000000000000000000000000000000000000000000000                                                                                                      000086
10213247845000128416070035008805076  45635                    0004563506                                   102130415PED78826550004563506          24041500000000292750414168808000000000020000000000000000000000000000000000000000000000000000000000000000000000000000000000000000000000000000000000                                                                                                      000087
10213247845000128416070035008805076  45636                    0004563689                                   102130415PED78826560004563689          24041500000000191790414168808000000000020000000000000000000000000000000000000000000000000000000000000000000000000000000000000000000000000000000000                                                                                                      000088
10213247845000128416070035008805076  45637                    0004563778                                   102130415PED36726550004563778          17041500000000381790417914608000000000020000000000000000000000000000000000000000000000000000000000000000000000000000000000000000000000000000000000                                                                                                      000089
10213247845000128416070035008805076  45639                    0004563921                                   102130415PED37526550004563921          08051500000000187030419407208000000000020000000000000000000000000000000000000000000000000000000000000000000000000000000000000000000000000000000000                                                                                                      000090
10213247845000128416070035008805076  45641                    0004564189                                   102130415PED78826560004564189          01051500000000301310414168808000000000020000000000000000000000000000000000000000000000000000000000000000000000000000000000000000000000000000000000                                                                                                      000091
10213247845000128416070035008805076  45642                    0004564278                                   102130415PED37526560004564278          17041500000000230630411636508000000000020000000000000000000000000000000000000000000000000000000000000000000000000000000000000000000000000000000000                                                                                                      000092
10213247845000128416070035008805076  45643                    0004564340                                   102130415PED10192650004564340          17041500000000106450414168808000000000020000000000000000000000000000000000000000000000000000000000000000000000000000000000000000000000000000000000                                                                                                      000093
10213247845000128416070035008805076  45644                    0004564421                                   102130415PED78826560004564421          17041500000000165770414168808000000000020000000000000000000000000000000000000000000000000000000000000000000000000000000000000000000000000000000000                                                                                                      000094
10213247845000128416070035008805076  45645                    0004564596                                   102130415PED78826560004564596          24041500000000377570414168808000000000020000000000000000000000000000000000000000000000000000000000000000000000000000000000000000000000000000000000                                                                                                      000095
10213247845000128416070035008805076  45647                    0004564758                                   102130415PED78826550004564758          24041500000000438530416106908000000000020000000000000000000000000000000000000000000000000000000000000000000000000000000000000000000000000000000000                                                                                                      000096
10213247845000128416070035008805076  45648                    0004564839                                   102130415PED36726560004564839          24041500000000183100411636508000000000020000000000000000000000000000000000000000000000000000000000000000000000000000000000000000000000000000000000                                                                                                      000097
10213247845000128416070035008805076  45649                    0004564928                                   102130415PED34426560004564928          01051500000000115410411636508000000000020000000000000000000000000000000000000000000000000000000000000000000000000000000000000000000000000000000000                                                                                                      000098
10213247845000128416070035008805076  45651                    0004565177                                   102130415PED021366/0004565177          17041500000000375550414168808000000000020000000000000000000000000000000000000000000000000000000000000000000000000000000000000000000000000000000000                                                                                                      000099
10213247845000128416070035008805076  45652                    0004565258                                   102130415PED021369/0004565258          01051500000000625950414168808000000000020000000000000000000000000000000000000000000000000000000000000000000000000000000000000000000000000000000000                                                                                                      000100
10213247845000128416070035008805076  45653                    0004565339                                   102130415PED40626560004565339          24041500000000208980414168808000000000020000000000000000000000000000000000000000000000000000000000000000000000000000000000000000000000000000000000                                                                                                      000101
10213247845000128416070035008805076  45655                    0004565584                                   102130415PED37526560004565584          08051500000000561000411636508000000000020000000000000000000000000000000000000000000000000000000000000000000000000000000000000000000000000000000000                                                                                                      000102
9201041          000004450000001744044000000000 00000440000000013303790000033000000001331273                                                                                                                                                                                                                                                                                                              000103
