02RETORNO01COBRANCA       416070035008        DISTRIBUIDORA DE ALIMENTOS BIL041BANRISUL       17041501600BPI                                                                                                                                                                                                                                                                                              000001
10213247845000128416070035008805076  45855                    0004585542                                    03170415PED37526600004585542          2104150000000040000041       000000000000000000000000000000000000000000000000000000000000000000000000000000000000000000000000000000000000000000000                                                                                          49          000002
10213247845000128416070035008805998                           0004433416                                   11017041500044334160004433416          17041500000000271510414168800000000000000000000000034200000000000000000000000000000000000000000000000000000000000002373100000000000000000000000000   170415                                          7                                                  000003
10213247845000128416070035008805076  44425                    0004442571                                   106160415PED40626310004442571          14041500000001033160414168808000000000000000000000000000000000000000000000000000000000000000000000000000000000000010331600000000006200000000000000   170415                                         11                                                  000004
10213247845000128416070035008805076  44448                    0004444892                                   106160415PED34426320004444892          14041500000000483900410109008000000000000000000000000000000000000000000000000000000000000000000000000000000000000004839000000000002900000000000000   170415                                         16                                                  000005
10213247845000128416070035008815055  44616                    0004461614          2014041630105001000003   306160415PED37526330004461614          16041500000000416590410109008000000000000000000000000000000000000000000000000000000000000000000000000000000000000004165900000000000000000000000000   170415                                         17                                                  000006
10213247845000128416070035008815055  44659                    0004465911          2014041630105001000003   306160415PED34426340004465911          16041500000000438651044135108000000000000000000000000000000000000000000000000000000000000000000000000000000000000004386500000000000000000000000000   170415                                         15                                                  000007
10213247845000128416070035008805076  44662                    0004466268                                   106160415PED34426340004466268          16041500000000490360410109008000000000000000000000000000000000000000000000000000000000000000000000000000000000000004903600000000000000000000000000   170415                                         16                                                  000008
10213247845000128416070035008805076  44667                    0004466748                                   106160415PED78826340004466748          16041500000001388820014135108000000000000000000000000000000000000000000000000000000000000000000000000000000000000013888200000000000000000000000000   170415                                         11                                                  000009
10213247845000128416070035008805998                           0004492641                                   106160415          0004492641          16041500000000438550014135100000000000020000000000000000000000000000000000000000000000000000000000000000000000000004385500000000000000000000000000   170415                                         13                                                  000010
10213247845000128416070035008805998                           0004492986                                   106160415          0004492986          16041500000000130970014135100000000000020000000000000000000000000000000000000000000000000000000000000000000000000001309700000000000000000000000000   170415                                         12                                                  000011
10213247845000128416070035008805998                           0004496604                                   106160415          0004496604          16041500000000128750410109000000000000020000000000000000000000000000000000000000000000000000000000000000000000000001287500000000000000000000000000   170415                                         11                                                  000012
10213247845000128416070035008805998                           0004496868                                   106160415          0004496868          16041500000000390703994135100000000000020000000000000000000000000000000000000000000000000000000000000000000000000003907000000000000000000000000000   170415                                         11                                                  000013
10213247845000128416070035008805998                           0004496949                                   106160415          0004496949          16041500000000390703994135100000000000020000000000000000000000000000000000000000000000000000000000000000000000000003907000000000000000000000000000   170415                                         11                                                  000014
10213247845000128416070035008805998                           0004497449                                   106160415          0004497449          16041500000000128932374135100000000000020000000000000000000000000000000000000000000000000000000000000000000000000001289300000000000000000000000000   170415                                         15                                                  000015
10213247845000128416070035008805998                           0004497511                                   106160415          0004497511          16041500000000169241044135100000000000020000000000000000000000000000000000000000000000000000000000000000000000000001692400000000000000000000000000   170415                                         15                                                  000016
10213247845000128416070035008805076  45130                    0004513029                                   110170415PED10192640004513029          03041500000000217400419407208000000000000000000000081930000000000000000000000000000000000000000000000000000000000001354700000000000000000000000000   170415                                          7                                                  000017
10213247845000128416070035008805076  45132                    0004513282                                   106160415PED021130/0004513282          14041500000000565800417914608000000000000000000000000000000000000000000000000000000000000000000000000000000000000005658000000000003400000000000000   170415                                         11                                                  000018
10213247845000128416070035008805076  45139                    0004513932                                   106160415PED10192640004513932          14041500000001151732374135108000000000000000000000000000000000000000000000000000000000000000000000000000000000000011517300000000006920000000000000   170415                                         15                                                  000019
10213247845000128416070035008815055  45273                    0004527305          2014041630105001000014   306160415PED40626470004527305          16041500000000109953414135108000000000000000000000000000000000000000000000000000000000000000000000000000000000000001099500000000000000000000000000   170415                                         12                                                  000020
10213247845000128416070035008815055  45274                    0004527488          2014041630105001000014   306160415PED10212640004527488          16041500000000098330410109008000000000000000000000000000000000000000000000000000000000000000000000000000000000000000983300000000000000000000000000   170415                                         13                                                  000021
10213247845000128416070035008815055  45275                    0004527550          2014041630105001000005   306160415PED10212640004527550          16041500000000273191044135108000000000000000000000000000000000000000000000000000000000000000000000000000000000000002731900000000000000000000000000   170415                                         15                                                  000022
10213247845000128416070035008815055  45279                    0004527976          2014041630105001000003   306160415PED10222640004527976          16041500000000361790412329908000000000000000000000000000000000000000000000000000000000000000000000000000000000000003617900000000000000000000000000   170415                                         11                                                  000023
10213247845000128416070035008815055  45282                    0004528212          2014041630105001000005   306160415PED34426470004528212          16041500000000225740410109008000000000000000000000000000000000000000000000000000000000000000000000000000000000000002257400000000000000000000000000   170415                                         13                                                  000024
10213247845000128416070035008815055  45284                    0004528476          2014041630105001000005   306160415PED78826460004528476          16041500000000194940413087208000000000000000000000000000000000000000000000000000000000000000000000000000000000000001949400000000000000000000000000   170415                                         11                                                  000025
10213247845000128416070035008805998                           0004529871                                   11017041500045298710004529871          17041500000001239610419407200000000000000000000000054140000000000000000000000000000000000000000000000000000000000011854700000000000000000000000000   170415                                          7                                                  000026
10213247845000128416070035008815055  45305                    0004530500          2014041630105001000014   306160415PED34426480004530500          16041500000000129910410109008000000000000000000000000000000000000000000000000000000000000000000000000000000000000001299100000000000000000000000000   170415                                         16                                                  000027
10213247845000128416070035008815055  45309                    0004530926          2014041630105001000005   306160415PED10212640004530926          16041500000000215221044135108000000000000000000000000000000000000000000000000000000000000000000000000000000000000002152200000000000000000000000000   170415                                         11                                                  000028
10213247845000128416070035008815055  45315                    0004531590          2014041630105001000014   306160415PED78826480004531590          16041500000000133711044135108000000000000000000000000000000000000000000000000000000000000000000000000000000000000001337100000000000000000000000000   170415                                         11                                                  000029
10213247845000128416070035008815055  45318                    0004531833          2014041630105001000005   306160415PED36726480004531833          16041500000000177741044135108000000000000000000000000000000000000000000000000000000000000000000000000000000000000001777400000000000000000000000000   170415                                         11                                                  000030
10213247845000128416070035008815055  45322                    0004532252          2014041630105001000003   306160415PED40626480004532252          16041500000000326870410109008000000000000000000000000000000000000000000000000000000000000000000000000000000000000003268700000000000000000000000000   170415                                         16                                                  000031
10213247845000128416070035008815055  45326                    0004532678          2013041630105001000013   332170415PED40626480004532678          23041500000000187730414168801000000000000000000000000000000000000000000000000000000000000000000000000000000000000001877300000000000000000000000000   170415                                          1                                                  000032
10213247845000128416070035008805076  45356                    0004535634                                   102170415PED34426520004535634          20041500000000369170414168808000000000020000000000000000000000000000000000000000000000000000000000000000000000000000000000000000000000000000000000                                                                                                      000033
10213247845000128416070035008805076  45357                    0004535715                                   102170415PED34426520004535715          20041500000002447490414168808000000000020000000000000000000000000000000000000000000000000000000000000000000000000000000000000000000000000000000000                                                                                                      000034
10213247845000128416070035008815055  45360                    0004536053          2014041630105001000003   306160415PED37526520004536053          13041500000000188100414168808000000000000000000000000000000000000000000000000000000000000000000000000000000000000001881000000000001680000000000000   170415                                         11                                                  000035
10213247845000128416070035008805076  45366                    0004536622                                   102170415PED10212650004536622          20041500000000226760412907608000000000020000000000000000000000000000000000000000000000000000000000000000000000000000000000000000000000000000000000                                                                                                      000036
10213247845000128416070035008805076  45376                    0004537610                                   102170415PED34426520004537610          28041500000000363250411636508000000000020000000000000000000000000000000000000000000000000000000000000000000000000000000000000000000000000000000000                                                                                                      000037
10213247845000128416070035008805076  45377                    0004537793                                   102170415PED36726520004537793          20041500000000534150411636508000000000020000000000000000000000000000000000000000000000000000000000000000000000000000000000000000000000000000000000                                                                                                      000038
10213247845000128416070035008805076  45387                    0004538781                                   102170415PED40626530004538781          14041500000000524370414168808000000000020000000000000000000000000000000000000000000000000000000000000000000000000000000000000000000000000000000000                                                                                                      000039
10213247845000128416070035008805076  45388                    0004538862                                   102170415PED40626530004538862          14041500000000524370414168808000000000020000000000000000000000000000000000000000000000000000000000000000000000000000000000000000000000000000000000                                                                                                      000040
10213247845000128416070035008805076  45389                    0004538943                                   102170415PED10192650004538943          28041500000000167690414168808000000000020000000000000000000000000000000000000000000000000000000000000000000000000000000000000000000000000000000000                                                                                                      000041
10213247845000128416070035008805076  45397                    0004539788                                   102170415PED10192650004539788          20041500000000123390419480308000000000020000000000000000000000000000000000000000000000000000000000000000000000000000000000000000000000000000000000                                                                                                      000042
10213247845000128416070035008805076  45398                    0004539850                                   102170415PED10192650004539850          27041500000000111980416973608000000000020000000000000000000000000000000000000000000000000000000000000000000000000000000000000000000000000000000000                                                                                                      000043
10213247845000128416070035008805076  45400                    0004540093                                   102170415PED10192650004540093          13041500000000102920419480308000000000020000000000000000000000000000000000000000000000000000000000000000000000000000000000000000000000000000000000                                                                                                      000044
10213247845000128416070035008805076  45402                    0004540255                                   102170415PED10192640004540255          23041500000000089700416973608000000000020000000000000000000000000000000000000000000000000000000000000000000000000000000000000000000000000000000000                                                                                                      000045
10213247845000128416070035008805076  45404                    0004540417                                   102170415PED10192650004540417          14041500000000223290419480308000000000020000000000000000000000000000000000000000000000000000000000000000000000000000000000000000000000000000000000                                                                                                      000046
10213247845000128416070035008805076  45413                    0004541324                                   102170415PED10192650004541324          21041500000000436520416973608000000000020000000000000000000000000000000000000000000000000000000000000000000000000000000000000000000000000000000000                                                                                                      000047
10213247845000128416070035008815055  45531                    0004553128          2014041630105001000003   306160415PED37526540004553128          15041500000000137500410109008000000000000000000000000000000000000000000000000000000000000000000000000000000000000001375000000000000410000000000000   170415                                         16                                                  000048
10213247845000128416070035008805076  45540                    0004554027                                   106160415PED40626540004554027          16041500000000438503414135108000000000000000000000000000000000000000000000000000000000000000000000000000000000000004385000000000000000000000000000   170415                                         17                                                  000049
10213247845000128416070035008815055  45565                    0004556593          2014041630105001000005   306160415PED10192650004556593          16041500000000328270410109008000000000000000000000000000000000000000000000000000000000000000000000000000000000000003282700000000000000000000000000   170415                                         13                                                  000050
10213247845000128416070035008815055  45573                    0004557336          2014041630105001000005   306160415PED36726540004557336          14041500000000134030417914608000000000000000000000000000000000000000000000000000000000000000000000000000000000000001340300000000000800000000000000   170415                                         11                                                  000051
10213247845000128416070035008815055  45582                    0004558243          2014041630105001000005   306160415PED40626540004558243          16041500000000098610419407208000000000000000000000000000000000000000000000000000000000000000000000000000000000000000986100000000000000000000000000   170415                                         11                                                  000052
10213247845000128416070035008805076  45590                    0004559088                                   106160415PED78826540004559088          16041500000000444212374135108000000000000000000000000000000000000000000000000000000000000000000000000000000000000004442100000000000000000000000000   170415                                         15                                                  000053
10213247845000128416070035008815055  45597                    0004559738          2014041630105001000003   306160415PED10192650004559738          16041500000000193111044135108000000000000000000000000000000000000000000000000000000000000000000000000000000000000001931100000000000000000000000000   170415                                         13                                                  000054
10213247845000128416070035008815055  45624                    0004562445          2014041630105001000003   306160415PED10192650004562445          16041500000000232580410109008000000000000000000000000000000000000000000000000000000000000000000000000000000000000002325800000000000000000000000000   170415                                         16                                                  000055
10213247845000128416070035008805076  45698                    0004569881                                   132170415PED40626590004569881          28041500000000165760414168801000000000000000000000000000000000000000000000000000000000000000000000000000000000000001657600000000000000000000000000   170415                                          1                                                  000056
10213247845000128416070035008805076  45708                    0004570855                                   132170415PED10192650004570855          27041500000000104700414168801000000000000000000000000000000000000000000000000000000000000000000000000000000000000001047000000000000000000000000000   170415                                          1                                                  000057
10213247845000128416070035008805076  45713                    0004571355                                   132170415PED37526590004571355          28041500000000136270414168801000000000000000000000000000000000000000000000000000000000000000000000000000000000000001362700000000000000000000000000   170415                                          1                                                  000058
10213247845000128416070035008805076  45714                    0004571436                                   132170415PED10192660004571436          28041500000000172760414168801000000000000000000000000000000000000000000000000000000000000000000000000000000000000001727600000000000000000000000000   170415                                          1                                                  000059
10213247845000128416070035008805076  45718                    0004571843                                   132170415PED37526590004571843          21041500000000137000414168801000000000000000000000000000000000000000000000000000000000000000000000000000000000000001370000000000000000000000000000   170415                                          1                                                  000060
10213247845000128416070035008805076  45721                    0004572181                                   132170415PED10192650004572181          21041500000000139040414168801000000000000000000000000000000000000000000000000000000000000000000000000000000000000001390400000000000000000000000000   170415                                          1                                                  000061
10213247845000128416070035008805076  45727                    0004572750                                   132170415PED10192650004572750          20041500000000118580414168801000000000000000000000000000000000000000000000000000000000000000000000000000000000000001185800000000000000000000000000   170415                                          1                                                  000062
10213247845000128416070035008805076  45734                    0004573412                                   132170415PED37526600004573412          28041500000000161490414168801000000000000000000000000000000000000000000000000000000000000000000000000000000000000001614900000000000000000000000000   170415                                          1                                                  000063
10213247845000128416070035008805076  45736                    0004573668                                   132170415PED10192650004573668          21041500000000123120414168801000000000000000000000000000000000000000000000000000000000000000000000000000000000000001231200000000000000000000000000   170415                                          1                                                  000064
10213247845000128416070035008805076  45740                    0004574087                                   132170415PED37526590004574087          28041500000000164910414168801000000000000000000000000000000000000000000000000000000000000000000000000000000000000001649100000000000000000000000000   170415                                          1                                                  000065
10213247845000128416070035008805998                           0004574338                                   106160415          0004574338          21041500000000414540411636500000000000020000000000000000000000000000000000000000000000000000000000000000000000000004145400000000000000000000000000   170415                                         11                                                  000066
10213247845000128416070035008805076  45747                    0004574737                                   132170415PED10212660004574737          28041500000000109090414168801000000000000000000000000000000000000000000000000000000000000000000000000000000000000001090900000000000000000000000000   170415                                          1                                                  000067
10213247845000128416070035008805076  45750                    0004575075                                   132170415PED78826590004575075          28041500000000135600414168801000000000000000000000000000000000000000000000000000000000000000000000000000000000000001356000000000000000000000000000   170415                                          1                                                  000068
10213247845000128416070035008805076  45751                    0004575156                                   132170415PED10222660004575156          28041500000000114380414168801000000000000000000000000000000000000000000000000000000000000000000000000000000000000001143800000000000000000000000000   170415                                          1                                                  000069
10213247845000128416070035008805076  45752                    0004575237                                   132170415PED37526590004575237          28041500000000149530414168801000000000000000000000000000000000000000000000000000000000000000000000000000000000000001495300000000000000000000000000   170415                                          1                                                  000070
10213247845000128416070035008805076  45756                    0004575644                                   132170415PED78826590004575644          28041500000000142180414168801000000000000000000000000000000000000000000000000000000000000000000000000000000000000001421800000000000000000000000000   170415                                          1                                                  000071
10213247845000128416070035008805076  45768                    0004576896                                   132170415PED10192660004576896          28041500000000141430414168801000000000000000000000000000000000000000000000000000000000000000000000000000000000000001414300000000000000000000000000   170415                                          1                                                  000072
10213247845000128416070035008805076  45775                    0004577558                                   132170415PED37526600004577558          21041500000000116220414168801000000000000000000000000000000000000000000000000000000000000000000000000000000000000001162200000000000000000000000000   170415                                          1                                                  000073
10213247845000128416070035008805076  45782                    0004578201                                   132170415PED34426590004578201          28041500000000139220414168801000000000000000000000000000000000000000000000000000000000000000000000000000000000000001392200000000000000000000000000   170415                                          1                                                  000074
10213247845000128416070035008805076  45785                    0004578538                                   132170415PED10222650004578538          29041500000000057870414168801000000000000000000000000000000000000000000000000000000000000000000000000000000000000000578700000000000000000000000000   170415                                          1                                                  000075
10213247845000128416070035008805076  45786                    0004578619                                   132170415PED10222650004578619          29041500000000087540414168801000000000000000000000000000000000000000000000000000000000000000000000000000000000000000875400000000000000000000000000   170415                                          1                                                  000076
10213247845000128416070035008805076  45789                    0004578953                                   132170415PED10222660004578953          29041500000000115060414168801000000000000000000000000000000000000000000000000000000000000000000000000000000000000001150600000000000000000000000000   170415                                          1                                                  000077
10213247845000128416070035008805076  45794                    0004579453                                   132170415PED10222650004579453          29041500000000166060414168801000000000000000000000000000000000000000000000000000000000000000000000000000000000000001660600000000000000000000000000   170415                                          1                                                  000078
10213247845000128416070035008805076  45796                    0004579607                                   132170415PED021424/0004579607          12051500000000013790414168801000000000000000000000000000000000000000000000000000000000000000000000000000000000000000137900000000000000000000000000   170415                                          1                                                  000079
10213247845000128416070035008805076  45807                    0004580753                                   132170415PED78826600004580753          29041500000000151140414168801000000000000000000000000000000000000000000000000000000000000000000000000000000000000001511400000000000000000000000000   170415                                          1                                                  000080
10213247845000128416070035008805076  45808                    0004580834                                   132170415PED36726600004580834          28041500000000107620414168801000000000000000000000000000000000000000000000000000000000000000000000000000000000000001076200000000000000000000000000   170415                                          1                                                  000081
10213247845000128416070035008805076  45822                    0004582241                                   132170415PED37526610004582241          29041500000000171880414168801000000000000000000000000000000000000000000000000000000000000000000000000000000000000001718800000000000000000000000000   170415                                          1                                                  000082
10213247845000128416070035008805076  45824                    0004582403                                   132170415PED78826600004582403          13051500000000141860414168801000000000000000000000000000000000000000000000000000000000000000000000000000000000000001418600000000000000000000000000   170415                                          1                                                  000083
10213247845000128416070035008805076  45835                    0004583566                                   132170415PED10192660004583566          22041500000000117160414168801000000000000000000000000000000000000000000000000000000000000000000000000000000000000001171600000000000000000000000000   170415                                          1                                                  000084
10213247845000128416070035008805076  45843                    0004584309                                   132170415PED10192660004584309          29041500000000132760414168801000000000000000000000000000000000000000000000000000000000000000000000000000000000000001327600000000000000000000000000   170415                                          1                                                  000085
10213247845000128416070035008805076  45847                    0004584716                                   102170415PED34426610004584716          25041500000000336830411636508000000000020000000000000000000000000000000000000000000000000000000000000000000000000000000000000000000000000000000000                                                                                                      000086
10213247845000128416070035008805076  45848                    0004584899                                   102170415PED34426610004584899          18041500000000144410412907608000000000020000000000000000000000000000000000000000000000000000000000000000000000000000000000000000000000000000000000                                                                                                      000087
10213247845000128416070035008805076  45849                    0004584988                                   102170415PED10192650004584988          04051500000000074750416973608000000000020000000000000000000000000000000000000000000000000000000000000000000000000000000000000000000000000000000000                                                                                                      000088
10213247845000128416070035008805076  45850                    0004585054                                   102170415PED34426610004585054          06051500000000158140411636508000000000020000000000000000000000000000000000000000000000000000000000000000000000000000000000000000000000000000000000                                                                                                      000089
10213247845000128416070035008805076  45851                    0004585135                                   102170415PED36726610004585135          29041500000000104500417914608000000000020000000000000000000000000000000000000000000000000000000000000000000000000000000000000000000000000000000000                                                                                                      000090
10213247845000128416070035008805076  45852                    0004585216                                   102170415PED10192660004585216          06051500000000774000414168808000000000020000000000000000000000000000000000000000000000000000000000000000000000000000000000000000000000000000000000                                                                                                      000091
10213247845000128416070035008805076  45856                    0004585623                                   102170415PED10192660004585623          29041500000000107940416973608000000000020000000000000000000000000000000000000000000000000000000000000000000000000000000000000000000000000000000000                                                                                                      000092
10213247845000128416070035008805076  45858                    0004585887                                   102170415PED36726610004585887          06051500000000382230412907608000000000020000000000000000000000000000000000000000000000000000000000000000000000000000000000000000000000000000000000                                                                                                      000093
10213247845000128416070035008805076  45859                    0004585968                                   102170415PED40626610004585968          22041500000000707460419407208000000000020000000000000000000000000000000000000000000000000000000000000000000000000000000000000000000000000000000000                                                                                                      000094
10213247845000128416070035008805076  45860                    0004586042                                   102170415PED021451/0004586042          22041500000000175860414168808000000000020000000000000000000000000000000000000000000000000000000000000000000000000000000000000000000000000000000000                                                                                                      000095
10213247845000128416070035008805076  45861                    0004586123                                   102170415PED78826610004586123          06051500000000297200419407208000000000020000000000000000000000000000000000000000000000000000000000000000000000000000000000000000000000000000000000                                                                                                      000096
10213247845000128416070035008805076  45862                    0004586204                                   102170415PED78826610004586204          06051500000000570980419407208000000000020000000000000000000000000000000000000000000000000000000000000000000000000000000000000000000000000000000000                                                                                                      000097
10213247845000128416070035008805076  45866                    0004586611                                   102170415PED40626610004586611          06051500000001248000419480308000000000020000000000000000000000000000000000000000000000000000000000000000000000000000000000000000000000000000000000                                                                                                      000098
10213247845000128416070035008805076  45867                    0004586794                                   102170415PED37526610004586794          13051500000000256020419407208000000000020000000000000000000000000000000000000000000000000000000000000000000000000000000000000000000000000000000000                                                                                                      000099
10213247845000128416070035008805076  45869                    0004586956                                   102170415PED36726610004586956          22041500000000213800417914608000000000020000000000000000000000000000000000000000000000000000000000000000000000000000000000000000000000000000000000                                                                                                      000100
10213247845000128416070035008805076  45870                    0004587030                                   102170415PED40626610004587030          22041500000000112210419407208000000000020000000000000000000000000000000000000000000000000000000000000000000000000000000000000000000000000000000000                                                                                                      000101
10213247845000128416070035008805076  45871                    0004587111                                   102170415PED40626610004587111          06051500000000312100414168808000000000020000000000000000000000000000000000000000000000000000000000000000000000000000000000000000000000000000000000                                                                                                      000102
10213247845000128416070035008805076  45873                    0004587375                                   102170415PED10192660004587375          22041500000000261580414168808000000000020000000000000000000000000000000000000000000000000000000000000000000000000000000000000000000000000000000000                                                                                                      000103
10213247845000128416070035008805076  45874                    0004587456                                   102170415PED021447/0004587456          06051500000000070820414168808000000000020000000000000000000000000000000000000000000000000000000000000000000000000000000000000000000000000000000000                                                                                                      000104
10213247845000128416070035008805076  45875                    0004587529                                   102170415PED10192660004587529          23041500000000160140414168808000000000020000000000000000000000000000000000000000000000000000000000000000000000000000000000000000000000000000000000                                                                                                      000105
10213247845000128416070035008805076  45876                    0004587618                                   102170415PED10192650004587618          23041500000000153910419480308000000000020000000000000000000000000000000000000000000000000000000000000000000000000000000000000000000000000000000000                                                                                                      000106
10213247845000128416070035008805076  45877                    0004587782                                   102170415PED37526610004587782          23041500000000245860419480308000000000020000000000000000000000000000000000000000000000000000000000000000000000000000000000000000000000000000000000                                                                                                      000107
10213247845000128416070035008805076  45878                    0004587863                                   102170415PED36726610004587863          30041500000000228220411636508000000000020000000000000000000000000000000000000000000000000000000000000000000000000000000000000000000000000000000000                                                                                                      000108
10213247845000128416070035008805076  45879                    0004587944                                   102170415PED34426610004587944          30041500000000061540411636508000000000020000000000000000000000000000000000000000000000000000000000000000000000000000000000000000000000000000000000                                                                                                      000109
10213247845000128416070035008805076  45880                    0004588029                                   102170415PED34426610004588029          07051500000000753800412907608000000000020000000000000000000000000000000000000000000000000000000000000000000000000000000000000000000000000000000000                                                                                                      000110
10213247845000128416070035008805076  45881                    0004588118                                   102170415PED10212660004588118          07051500000000995520412907608000000000020000000000000000000000000000000000000000000000000000000000000000000000000000000000000000000000000000000000                                                                                                      000111
10213247845000128416070035008805076  45882                    0004588282                                   102170415PED34426610004588282          30041500000000438660411636508000000000020000000000000000000000000000000000000000000000000000000000000000000000000000000000000000000000000000000000                                                                                                      000112
10213247845000128416070035008805076  45883                    0004588363                                   102170415PED10212660004588363          30041500000000431460412907608000000000020000000000000000000000000000000000000000000000000000000000000000000000000000000000000000000000000000000000                                                                                                      000113
10213247845000128416070035008805076  45884                    0004588444                                   102170415PED10192660004588444          30041500000000415900414168808000000000020000000000000000000000000000000000000000000000000000000000000000000000000000000000000000000000000000000000                                                                                                      000114
10213247845000128416070035008805076  45885                    0004588517                                   102170415PED78826610004588517          30041500000000579850419407208000000000020000000000000000000000000000000000000000000000000000000000000000000000000000000000000000000000000000000000                                                                                                      000115
10213247845000128416070035008805076  45886                    0004588606                                   102170415PED78826610004588606          07051500000000579850419407208000000000020000000000000000000000000000000000000000000000000000000000000000000000000000000000000000000000000000000000                                                                                                      000116
10213247845000128416070035008805076  45887                    0004588770                                   102170415PED78826610004588770          23041500000000558500419407208000000000020000000000000000000000000000000000000000000000000000000000000000000000000000000000000000000000000000000000                                                                                                      000117
10213247845000128416070035008805076  45888                    0004588851                                   102170415PED78826610004588851          13051500000000429740419407208000000000020000000000000000000000000000000000000000000000000000000000000000000000000000000000000000000000000000000000                                                                                                      000118
10213247845000128416070035008805076  45889                    0004588932                                   102170415PED021458/0004588932          30041500000000104480414168808000000000020000000000000000000000000000000000000000000000000000000000000000000000000000000000000000000000000000000000                                                                                                      000119
10213247845000128416070035008805076  45890                    0004589017                                   102170415PED78826600004589017          30041500000000318610414168808000000000020000000000000000000000000000000000000000000000000000000000000000000000000000000000000000000000000000000000                                                                                                      000120
10213247845000128416070035008805076  45891                    0004589106                                   102170415PED10192660004589106          18041500000000170690414168808000000000020000000000000000000000000000000000000000000000000000000000000000000000000000000000000000000000000000000000                                                                                                      000121
10213247845000128416070035008805076  45892                    0004589270                                   102170415PED10192660004589270          30041500000000358680414168808000000000020000000000000000000000000000000000000000000000000000000000000000000000000000000000000000000000000000000000                                                                                                      000122
10213247845000128416070035008805076  45893                    0004589351                                   102170415PED40626610004589351          07051500000001037130419407208000000000020000000000000000000000000000000000000000000000000000000000000000000000000000000000000000000000000000000000                                                                                                      000123
10213247845000128416070035008805076  45894                    0004589432                                   102170415PED78826610004589432          23041500000000411360419407208000000000020000000000000000000000000000000000000000000000000000000000000000000000000000000000000000000000000000000000                                                                                                      000124
10213247845000128416070035008805076  45896                    0004589688                                   102170415PED37526610004589688          29041500000000100500414168808000000000020000000000000000000000000000000000000000000000000000000000000000000000000000000000000000000000000000000000                                                                                                      000125
10213247845000128416070035008805076  45897                    0004589769                                   102170415PED34426620004589769          14051500000000743880414168808000000000020000000000000000000000000000000000000000000000000000000000000000000000000000000000000000000000000000000000                                                                                                      000126
10213247845000128416070035008805076  45898                    0004589858                                   102170415PED40626620004589858          30041500000000294140414168808000000000020000000000000000000000000000000000000000000000000000000000000000000000000000000000000000000000000000000000                                                                                                      000127
10213247845000128416070035008805076  45899                    0004589920                                   102170415PED37526610004589920          07051500000001167360419407208000000000020000000000000000000000000000000000000000000000000000000000000000000000000000000000000000000000000000000000                                                                                                      000128
10213247845000128416070035008805076  45902                    0004590244                                   102170415PED10192660004590244          30041500000000215550414168808000000000020000000000000000000000000000000000000000000000000000000000000000000000000000000000000000000000000000000000                                                                                                      000129
10213247845000128416070035008805076  45903                    0004590325                                   102170415PED10192660004590325          23041500000000110640414168808000000000020000000000000000000000000000000000000000000000000000000000000000000000000000000000000000000000000000000000                                                                                                      000130
10213247845000128416070035008805076  45904                    0004590406                                   102170415PED10192660004590406          07051500000000112240414168808000000000020000000000000000000000000000000000000000000000000000000000000000000000000000000000000000000000000000000000                                                                                                      000131
10213247845000128416070035008805076  45905                    0004590570                                   102170415PED021461/0004590570          30041500000000355680412907608000000000020000000000000000000000000000000000000000000000000000000000000000000000000000000000000000000000000000000000                                                                                                      000132
10213247845000128416070035008805076  45906                    0004590651                                   102170415PED10192660004590651          23041500000000194210414168808000000000020000000000000000000000000000000000000000000000000000000000000000000000000000000000000000000000000000000000                                                                                                      000133
10213247845000128416070035008805076  45907                    0004590732                                   102170415PED78826610004590732          30041500000000618610419407208000000000020000000000000000000000000000000000000000000000000000000000000000000000000000000000000000000000000000000000                                                                                                      000134
10213247845000128416070035008805076  45908                    0004590813                                   102170415PED78826610004590813          07051500000000739970419407208000000000020000000000000000000000000000000000000000000000000000000000000000000000000000000000000000000000000000000000                                                                                                      000135
10213247845000128416070035008805076  45909                    0004590996                                   102170415PED36726620004590996          07051500000000416480414168808000000000020000000000000000000000000000000000000000000000000000000000000000000000000000000000000000000000000000000000                                                                                                      000136
10213247845000128416070035008805076  45911                    0004591151                                   102170415PED10192660004591151          23041500000000121310414168808000000000020000000000000000000000000000000000000000000000000000000000000000000000000000000000000000000000000000000000                                                                                                      000137
10213247845000128416070035008805076  45912                    0004591232                                   102170415PED10222660004591232          30041500000000271440412329908000000000020000000000000000000000000000000000000000000000000000000000000000000000000000000000000000000000000000000000                                                                                                      000138
10213247845000128416070035008805076  45913                    0004591313                                   102170415PED34426610004591313          07051500000000213000412907608000000000020000000000000000000000000000000000000000000000000000000000000000000000000000000000000000000000000000000000                                                                                                      000139
10213247845000128416070035008805076  45914                    0004591496                                   102170415PED34426610004591496          21041500000000722910412907608000000000020000000000000000000000000000000000000000000000000000000000000000000000000000000000000000000000000000000000                                                                                                      000140
10213247845000128416070035008805076  45915                    0004591569                                   102170415PED34426620004591569          14051500000000370580414168808000000000020000000000000000000000000000000000000000000000000000000000000000000000000000000000000000000000000000000000                                                                                                      000141
10213247845000128416070035008805076  45916                    0004591658                                   102170415PED40626620004591658          22041500000000200000414168808000000000020000000000000000000000000000000000000000000000000000000000000000000000000000000000000000000000000000000000                                                                                                      000142
10213247845000128416070035008805076  45962                    0004596285                                   102170415PED34426610004596285          24041500000000124060412907608000000000020000000000000000000000000000000000000000000000000000000000000000000000000000000000000000000000000000000000                                                                                                      000143
10213247845000128416070035008805076  45966                    0004596692                                   102170415PED021510/0004596692          24041500000000138280412907608000000000020000000000000000000000000000000000000000000000000000000000000000000000000000000000000000000000000000000000                                                                                                      000144
9201041          000005020000001949310000000000 00000730000000028218620000036000000001260369                                                                                                                                                                                                                                                                                                              000145
