02RETORNO01COBRANCA       416070035008        DISTRIBUIDORA DE ALIMENTOS BIL041BANRISUL       26031501600BPI                                                                                                                                                                                                                                                                                              000001
10213247845000128416070035008805076  44825                    0004482581                                    03260315PED10222630004482581          0704150000000021308041       000000000000000000000000000000000000000000000000000000000000000000000000000000000000000000000000000000000000000000000                                                                                          49          000002
10213247845000128416070035008805076  43274                    0004327403                                   110260315PED40626060004327403          13031500000001675410414168808000000000000000000000062400000000000000000000000000000000000000000000000000000000000016130100000000000000000000000000   260315                                          7                                                  000003
10213247845000128416070035008805076  43326                    0004332687                                   106250315PED36726100004332687          23031500000000589860413087208000000000000000000000000000000000000000000000000000000000000000000000000000000000000005898600000000003540000000000000   260315                                         11                                                  000004
10213247845000128416070035008805076  43416                    0004341678                                   115250315PED40626100004341678          10031500000000468800414168808000000000000000000000005700000000000000000000000000000000000000000000000000000000000004631000000000008460000000000000   260315                                         17                                                  000005
10213247845000128416070035008815055  43481                    0004348117          2014041630105001000005   306250315PED37526110004348117          25031500000000112070014135108000000000000000000000000000000000000000000000000000000000000000000000000000000000000001120700000000000000000000000000   260315                                         13                                                  000006
10213247845000128416070035008815055  43518                    0004351800          2014041630105001000003   306250315PED37526110004351800          25031500000000332550410109008000000000000000000000000000000000000000000000000000000000000000000000000000000000000003325500000000000000000000000000   260315                                         17                                                  000007
10213247845000128416070035008805076  43538                    0004353889                                   115250315PED34426120004353889          11031500000000105060411636508000000000000000000000005700000000000000000000000000000000000000000000000000000000000000993600000000001600000000000000   260315                                         17                                                  000008
10213247845000128416070035008805076  43774                    0004377494                                   106250315PED78826170004377494          25031500000000736720410109008000000000000000000000000000000000000000000000000000000000000000000000000000000000000007367200000000000000000000000000   260315                                         16                                                  000009
10213247845000128416070035008815055  43783                    0004378318          2014041630105001000005   306250315PED78826170004378318          25031500000000295981044135108000000000000000000000000000000000000000000000000000000000000000000000000000000000000002959800000000000000000000000000   260315                                         15                                                  000010
10213247845000128416070035008805076  43795                    0004379543                                   106250315PED34426180004379543          25031500000001393122374135108000000000000000000000000000000000000000000000000000000000000000000000000000000000000013931200000000000000000000000000   260315                                         15                                                  000011
10213247845000128416070035008805076  43796                    0004379624                                   106250315PED10212610004379624          25031500000000512621044135108000000000000000000000000000000000000000000000000000000000000000000000000000000000000005126200000000000000000000000000   260315                                         11                                                  000012
10213247845000128416070035008815055  43806                    0004380606          2014041630105001000003   306250315PED36726180004380606          25031500000000337331044135108000000000000000000000000000000000000000000000000000000000000000000000000000000000000003373300000000000000000000000000   260315                                         15                                                  000013
10213247845000128416070035008805076  43809                    0004380932                                   106250315PED36726180004380932          25031500000000448531044135108000000000000000000000000000000000000000000000000000000000000000000000000000000000000004485300000000000000000000000000   260315                                         12                                                  000014
10213247845000128416070035008815055  43818                    0004381858          2014041630105001000003   306250315PED37526180004381858          25031500000000339980410109008000000000000000000000000000000000000000000000000000000000000000000000000000000000000003399800000000000000000000000000   260315                                         16                                                  000015
10213247845000128416070035008815055  43822                    0004382269          2014041630105001000005   306250315PED36726170004382269          25031500000000314373414135108000000000000000000000000000000000000000000000000000000000000000000000000000000000000003143700000000000000000000000000   260315                                         13                                                  000016
10213247845000128416070035008815055  43830                    0004383095          2014041630105001000003   306250315PED36726180004383095          25031500000000191690410109008000000000000000000000000000000000000000000000000000000000000000000000000000000000000001916900000000000000000000000000   260315                                         16                                                  000017
10213247845000128416070035008805076  43832                    0004383257                                   106250315PED34426190004383257          25031500000000399550410109008000000000000000000000000000000000000000000000000000000000000000000000000000000000000003995500000000000000000000000000   260315                                         16                                                  000018
10213247845000128416070035008815055  43845                    0004384571          2014041630105001000005   306250315PED40626180004384571          25031500000000326580410109008000000000000000000000000000000000000000000000000000000000000000000000000000000000000003265800000000000000000000000000   260315                                         16                                                  000019
10213247845000128416070035008815055  43846                    0004384652          2014041630105001000005   306250315PED37526180004384652          25031500000000314490014135108000000000000000000000000000000000000000000000000000000000000000000000000000000000000003144900000000000000000000000000   260315                                         13                                                  000020
10213247845000128416070035008805076  43848                    0004384814                                   106250315PED40626190004384814          25031500000000600160410109008000000000000000000000000000000000000000000000000000000000000000000000000000000000000006001600000000000000000000000000   260315                                         13                                                  000021
10213247845000128416070035008815055  43870                    0004387058          2013041630105001000013   306250315PED020564/0004387058          25031500000000334391044135108000000000000000000000000000000000000000000000000000000000000000000000000000000000000003343900000000000000000000000000   260315                                         15                                                  000022
10213247845000128416070035008805076  43876                    0004387627                                   106250315PED78826190004387627          26031500000001171893414135108000000000000000000000000000000000000000000000000000000000000000000000000000000000000011718900000000000000000000000000   260315                                         12                                                  000023
10213247845000128416070035008805076  43906                    0004390679                                   106250315PED40626190004390679          25031500000000550000410109008000000000000000000000000000000000000000000000000000000000000000000000000000000000000005500000000000000000000000000000   260315                                         16                                                  000024
10213247845000128416070035008805076  43940                    0004394062                                   115250315PED36726200004394062          13031500000000510760412907608000000000000000000000005700000000000000000000000000000000000000000000000000000000000005050600000000006120000000000000   260315                                         17                                                  000025
10213247845000128416070035008805076  44085                    0004408594                                   115250315PED37526240004408594          17031500000000430280411974708000000000000000000000005700000000000000000000000000000000000000000000000000000000000004245800000000007740000000000000   260315                                         17                                                  000026
10213247845000128416070035008805076  44092                    0004409256                                   106250315PED10192620004409256          24031500000000985452374135108000000000000000000000000000000000000000000000000000000000000000000000000000000000000009854500000000002960000000000000   260315                                         15                                                  000027
10213247845000128416070035008815055  44140                    0004414020          2014041630105001000003   306250315PED10222620004414020          25031500000000304200410109008000000000000000000000000000000000000000000000000000000000000000000000000000000000000003042000000000000000000000000000   260315                                         16                                                  000028
10213247845000128416070035008815055  44141                    0004414101          2014041630105001000003   306250315PED10222620004414101          25031500000000252510412329908000000000000000000000000000000000000000000000000000000000000000000000000000000000000002525100000000000000000000000000   260315                                         11                                                  000029
10213247845000128416070035008815055  44145                    0004414519          2014041630105001000003   306250315PED10212620004414519          25031500000000201707484135108000000000000000000000000000000000000000000000000000000000000000000000000000000000000002017000000000000000000000000000   260315                                         15                                                  000030
10213247845000128416070035008805076  44146                    0004414691                                   106250315PED40626250004414691          25031500000001048990014135108000000000000000000000000000000000000000000000000000000000000000000000000000000000000010489900000000000000000000000000   260315                                         11                                                  000031
10213247845000128416070035008815055  44150                    0004415019          2014041630105001000014   306250315PED37526250004415019          25031500000000106872374135108000000000000000000000000000000000000000000000000000000000000000000000000000000000000001068700000000000000000000000000   260315                                         15                                                  000032
10213247845000128416070035008805076  44155                    0004415507                                   106250315PED36726250004415507          25031500000000660132374135108000000000000000000000000000000000000000000000000000000000000000000000000000000000000006601300000000000000000000000000   260315                                         15                                                  000033
10213247845000128416070035008815055  44163                    0004416341          2014041630105001000005   306250315PED36726260004416341          25031500000000344061044135108000000000000000000000000000000000000000000000000000000000000000000000000000000000000003440600000000000000000000000000   260315                                         15                                                  000034
10213247845000128416070035008805076  44168                    0004416848                                   106250315PED78826250004416848          25031500000000475711044135108000000000000000000000000000000000000000000000000000000000000000000000000000000000000004757100000000000000000000000000   260315                                         15                                                  000035
10213247845000128416070035008815055  44174                    0004417410          2014041630105001000003   306250315PED40626250004417410          25031500000000313410410109008000000000000000000000000000000000000000000000000000000000000000000000000000000000000003134100000000000000000000000000   260315                                         16                                                  000036
10213247845000128416070035008815055  44176                    0004417666          2014041630105001000014   306250315PED10192620004417666          25031500000000107980410109008000000000000000000000000000000000000000000000000000000000000000000000000000000000000001079800000000000000000000000000   260315                                         16                                                  000037
10213247845000128416070035008805076  44181                    0004418166                                   106250315PED020720/0004418166          25031500000000346000410109008000000000000000000000000000000000000000000000000000000000000000000000000000000000000003460000000000000000000000000000   260315                                         13                                                  000038
10213247845000128416070035008805076  44187                    0004418735                                   106250315PED78826250004418735          25031500000000531563414135108000000000000000000000000000000000000000000000000000000000000000000000000000000000000005315600000000000000000000000000   260315                                         17                                                  000039
10213247845000128416070035008805076  44188                    0004418816                                   123260315PED34426260004418816          21031500000000516470411636508000000000000000000000000000000000000000000000000000000000000000000000000000000000000000000000000000000000000000000000                                                                                                      000040
10213247845000128416070035008815055  44191                    0004419154          2014041630105001000003   306250315PED78826250004419154          25031500000000151702374135108000000000000000000000000000000000000000000000000000000000000000000000000000000000000001517000000000000000000000000000   260315                                         11                                                  000041
10213247845000128416070035008815055  44192                    0004419235          2014041630105001000003   306250315PED36726250004419235          25031500000000118667484135108000000000000000000000000000000000000000000000000000000000000000000000000000000000000001186600000000000000000000000000   260315                                         11                                                  000042
10213247845000128416070035008815055  44193                    0004419316          2013041630105001000013   306250315PED36726250004419316          25031500000000331411044135108000000000000000000000000000000000000000000000000000000000000000000000000000000000000003314100000000000000000000000000   260315                                         12                                                  000043
10213247845000128416070035008815055  44211                    0004421116          2014041630105001000003   306250315PED10192620004421116          25031500000000277750410109008000000000000000000000000000000000000000000000000000000000000000000000000000000000000002777500000000000000000000000000   260315                                         16                                                  000044
10213247845000128416070035008805076  44225                    0004422511                                   106250315PED020736/0004422511          25031500000000354850410109008000000000000000000000000000000000000000000000000000000000000000000000000000000000000003548500000000000000000000000000   260315                                         13                                                  000045
10213247845000128416070035008815055  44226                    0004422694          2014041630105001000005   306250315PED10192620004422694          25031500000000185120014135108000000000000000000000000000000000000000000000000000000000000000000000000000000000000001851200000000000000000000000000   260315                                         13                                                  000046
10213247845000128416070035008805076  44230                    0004423011                                   106250315PED78826260004423011          25031500000000419460410109008000000000000000000000000000000000000000000000000000000000000000000000000000000000000004194600000000000000000000000000   260315                                         13                                                  000047
10213247845000128416070035008815055  44236                    0004423682          2013041630105001000013   306250315PED10192620004423682          26031500000000332540334135108000000000000000000000000000000000000000000000000000000000000000000000000000000000000003325400000000000000000000000000   260315                                         11                                                  000048
10213247845000128416070035008815055  44293                    0004429397          2014041630105001000005   306250315PED10192620004429397          26031500000000164860334135108000000000000000000000000000000000000000000000000000000000000000000000000000000000000001648600000000000000000000000000   260315                                         11                                                  000049
10213247845000128416070035008815055  44431                    0004443152          2014041630105001000003   306250315PED10192630004443152          24031500000000176080419480308000000000000000000000000000000000000000000000000000000000000000000000000000000000000001760800000000000530000000000000   260315                                         11                                                  000050
10213247845000128416070035008815055  44451                    0004445139          2014041630105001000003   306250315PED37526320004445139          24031500000000284500410109008000000000000000000000000000000000000000000000000000000000000000000000000000000000000002845000000000000850000000000000   260315                                         16                                                  000051
10213247845000128416070035008805076  44475                    0004447522                                   106250315PED78826320004447522          22031500000000860460410109008000000000000000000000000000000000000000000000000000000000000000000000000000000000000008604600000000007740000000000000   260315                                         16                                                  000052
10213247845000128416070035008805076  44494                    0004449436                                   106250315PED10222630004449436          25031500000000276751044135108000000000000000000000000000000000000000000000000000000000000000000000000000000000000002767500000000000000000000000000   260315                                         15                                                  000053
10213247845000128416070035008815055  44507                    0004450728          2014041630105001000014   306250315PED37526320004450728          25031500000000121821044135108000000000000000000000000000000000000000000000000000000000000000000000000000000000000001218200000000000000000000000000   260315                                         13                                                  000054
10213247845000128416070035008805076  44509                    0004450981                                   106250315PED34426320004450981          25031500000000261520014135108000000000000000000000000000000000000000000000000000000000000000000000000000000000000002615200000000000000000000000000   260315                                         12                                                  000055
10213247845000128416070035008805076  44512                    0004451228                                   106250315PED10192630004451228          25031500000000332191044135108000000000000000000000000000000000000000000000000000000000000000000000000000000000000003321900000000000000000000000000   260315                                         11                                                  000056
10213247845000128416070035008805076  44537                    0004453794                                   106250315PED78826320004453794          25031500000000255140410109008000000000000000000000000000000000000000000000000000000000000000000000000000000000000002551400000000000000000000000000   260315                                         16                                                  000057
10213247845000128416070035008815055  44559                    0004455932          2014041630105001000003   306250315PED37526320004455932          25031500000000158050014135108000000000000000000000000000000000000000000000000000000000000000000000000000000000000001580500000000000000000000000000   260315                                         13                                                  000058
10213247845000128416070035008815055  44577                    0004457757          2014041630105001000005   306250315PED10192630004457757          25031500000000102892374135108000000000000000000000000000000000000000000000000000000000000000000000000000000000000001028900000000000000000000000000   260315                                         15                                                  000059
10213247845000128416070035008815055  44595                    0004459571          2013041630105001000013   306250315PED37526330004459571          25031500000000164020419407208000000000000000000000000000000000000000000000000000000000000000000000000000000000000001640200000000000000000000000000   260315                                         11                                                  000060
10213247845000128416070035008815055  44599                    0004459997          2014041630105001000005   306250315PED40626330004459997          25031500000000094020410109008000000000000000000000000000000000000000000000000000000000000000000000000000000000000000940200000000000000000000000000   260315                                         16                                                  000061
10213247845000128416070035008805998                           0004461460                                   106250315          0004461460          02041500000000264071044135100000000000020000000000000000000000000000000000000000000000000000000000000000000000000002640700000000000000000000000000   260315                                         15                                                  000062
10213247845000128416070035008815055  44627                    0004462785          2013041630105001000013   306250315PED10192630004462785          26031500000000172710014135108000000000000000000000000000000000000000000000000000000000000000000000000000000000000001727100000000000000000000000000   260315                                         15                                                  000063
10213247845000128416070035008805076  44653                    0004465342                                   132260315PED36726340004465342          09041500000000301850414168801000000000000000000000000000000000000000000000000000000000000000000000000000000000000003018500000000000000000000000000   260315                                          1                                                  000064
10213247845000128416070035008805076  44676                    0004467655                                   132260315PED10222630004467655          03041500000000257350414168801000000000000000000000000000000000000000000000000000000000000000000000000000000000000002573500000000000000000000000000   260315                                          1                                                  000065
10213247845000128416070035008805076  44677                    0004467736                                   106250315PED10222630004467736          27031500000000241730014135108000000000000000000000000000000000000000000000000000000000000000000000000000000000000002417300000000000000000000000000   260315                                         15                                                  000066
10213247845000128416070035008805076  44679                    0004467906                                   106250315PED10222630004467906          25031500000000231510410109008000000000000000000000000000000000000000000000000000000000000000000000000000000000000002315100000000000000000000000000   260315                                         16                                                  000067
10213247845000128416070035008805076  44714                    0004471458                                   132260315PED40626380004471458          06041500000000297700414168801000000000000000000000000000000000000000000000000000000000000000000000000000000000000002977000000000000000000000000000   260315                                          1                                                  000068
10213247845000128416070035008805076  44715                    0004471512                                   132260315PED40626380004471512          13041500000000297700414168801000000000000000000000000000000000000000000000000000000000000000000000000000000000000002977000000000000000000000000000   260315                                          1                                                  000069
10213247845000128416070035008805076  44738                    0004473833                                   132260315PED34426380004473833          30031500000000237620414168801000000000000000000000000000000000000000000000000000000000000000000000000000000000000002376200000000000000000000000000   260315                                          1                                                  000070
10213247845000128416070035008805076  44739                    0004473914                                   132260315PED34426380004473914          13041500000000176270414168801000000000000000000000000000000000000000000000000000000000000000000000000000000000000001762700000000000000000000000000   260315                                          1                                                  000071
10213247845000128416070035008805076  44745                    0004474589                                   132260315PED020983/0004474589          06041500000000236060414168801000000000000000000000000000000000000000000000000000000000000000000000000000000000000002360600000000000000000000000000   260315                                          1                                                  000072
10213247845000128416070035008805076  44746                    0004474678                                   132260315PED10212630004474678          06041500000000256800414168801000000000000000000000000000000000000000000000000000000000000000000000000000000000000002568000000000000000000000000000   260315                                          1                                                  000073
10213247845000128416070035008805076  44748                    0004474821                                   132260315PED37526380004474821          30031500000000246690414168801000000000000000000000000000000000000000000000000000000000000000000000000000000000000002466900000000000000000000000000   260315                                          1                                                  000074
10213247845000128416070035008805076  44760                    0004476077                                   132260315PED34426380004476077          13041500000000227830414168801000000000000000000000000000000000000000000000000000000000000000000000000000000000000002278300000000000000000000000000   260315                                          1                                                  000075
10213247845000128416070035008805076  44763                    0004476328                                   132260315PED020982/0004476328          13041500000000113330414168801000000000000000000000000000000000000000000000000000000000000000000000000000000000000001133300000000000000000000000000   260315                                          1                                                  000076
10213247845000128416070035008805076  44765                    0004476565                                   132260315PED10212630004476565          31031500000000242770414168801000000000000000000000000000000000000000000000000000000000000000000000000000000000000002427700000000000000000000000000   260315                                          1                                                  000077
10213247845000128416070035008805076  44766                    0004476646                                   132260315PED10212630004476646          06041500000000045840414168801000000000000000000000000000000000000000000000000000000000000000000000000000000000000000458400000000000000000000000000   260315                                          1                                                  000078
10213247845000128416070035008805076  44767                    0004476727                                   132260315PED10212630004476727          07041500000000225120414168801000000000000000000000000000000000000000000000000000000000000000000000000000000000000002251200000000000000000000000000   260315                                          1                                                  000079
10213247845000128416070035008805076  44769                    0004476980                                   132260315PED37526380004476980          21041500000000256070414168801000000000000000000000000000000000000000000000000000000000000000000000000000000000000002560700000000000000000000000000   260315                                          1                                                  000080
10213247845000128416070035008805076  44770                    0004477065                                   132260315PED34426380004477065          07041500000000288880414168801000000000000000000000000000000000000000000000000000000000000000000000000000000000000002888800000000000000000000000000   260315                                          1                                                  000081
10213247845000128416070035008805076  44773                    0004477308                                   132260315PED37526380004477308          07041500000000130320414168801000000000000000000000000000000000000000000000000000000000000000000000000000000000000001303200000000000000000000000000   260315                                          1                                                  000082
10213247845000128416070035008805076  44774                    0004477480                                   132260315PED37526380004477480          30031500000000197540414168801000000000000000000000000000000000000000000000000000000000000000000000000000000000000001975400000000000000000000000000   260315                                          1                                                  000083
10213247845000128416070035008805076  44775                    0004477553                                   132260315PED37526380004477553          31031500000000137000414168801000000000000000000000000000000000000000000000000000000000000000000000000000000000000001370000000000000000000000000000   260315                                          1                                                  000084
10213247845000128416070035008805076  44778                    0004477898                                   132260315PED10192630004477898          13041500000000238510414168801000000000000000000000000000000000000000000000000000000000000000000000000000000000000002385100000000000000000000000000   260315                                          1                                                  000085
10213247845000128416070035008805076  44779                    0004477979                                   132260315PED10192630004477979          07041500000000193030414168801000000000000000000000000000000000000000000000000000000000000000000000000000000000000001930300000000000000000000000000   260315                                          1                                                  000086
10213247845000128416070035008805076  44780                    0004478053                                   132260315PED10192630004478053          31031500000000117390414168801000000000000000000000000000000000000000000000000000000000000000000000000000000000000001173900000000000000000000000000   260315                                          1                                                  000087
10213247845000128416070035008805076  44782                    0004478215                                   132260315PED37526380004478215          31031500000000129210414168801000000000000000000000000000000000000000000000000000000000000000000000000000000000000001292100000000000000000000000000   260315                                          1                                                  000088
10213247845000128416070035008805076  44784                    0004478479                                   132260315PED10192630004478479          07041500000000072250414168801000000000000000000000000000000000000000000000000000000000000000000000000000000000000000722500000000000000000000000000   260315                                          1                                                  000089
10213247845000128416070035008805076  44785                    0004478541                                   132260315PED10192630004478541          30031500000000125600414168801000000000000000000000000000000000000000000000000000000000000000000000000000000000000001256000000000000000000000000000   260315                                          1                                                  000090
10213247845000128416070035008805076  44787                    0004478703                                   132260315PED10192630004478703          06041500000000277710414168801000000000000000000000000000000000000000000000000000000000000000000000000000000000000002777100000000000000000000000000   260315                                          1                                                  000091
10213247845000128416070035008805076  44788                    0004478886                                   132260315PED10192630004478886          31031500000000111140414168801000000000000000000000000000000000000000000000000000000000000000000000000000000000000001111400000000000000000000000000   260315                                          1                                                  000092
10213247845000128416070035008805076  44789                    0004478967                                   132260315PED020998/0004478967          31031500000000219220414168801000000000000000000000000000000000000000000000000000000000000000000000000000000000000002192200000000000000000000000000   260315                                          1                                                  000093
10213247845000128416070035008805076  44798                    0004479874                                   102260315PED34426390004479874          27031500000000099320414168808000000000020000000000000000000000000000000000000000000000000000000000000000000000000000000000000000000000000000000000                                                                                                      000094
10213247845000128416070035008805076  44802                    0004480279                                   132260315PED10192630004480279          07041500000000224090414168801000000000000000000000000000000000000000000000000000000000000000000000000000000000000002240900000000000000000000000000   260315                                          1                                                  000095
10213247845000128416070035008805076  44804                    0004480430                                   132260315PED10192630004480430          07041500000000110000414168801000000000000000000000000000000000000000000000000000000000000000000000000000000000000001100000000000000000000000000000   260315                                          1                                                  000096
10213247845000128416070035008805076  44805                    0004480503                                   132260315PED36726390004480503          14041500000000274010414168801000000000000000000000000000000000000000000000000000000000000000000000000000000000000002740100000000000000000000000000   260315                                          1                                                  000097
10213247845000128416070035008805076  44806                    0004480686                                   132260315PED36726390004480686          14041500000000274000414168801000000000000000000000000000000000000000000000000000000000000000000000000000000000000002740000000000000000000000000000   260315                                          1                                                  000098
10213247845000128416070035008805076  44807                    0004480767                                   132260315PED36726390004480767          14041500000000265180414168801000000000000000000000000000000000000000000000000000000000000000000000000000000000000002651800000000000000000000000000   260315                                          1                                                  000099
10213247845000128416070035008805076  44808                    0004480848                                   132260315PED10192630004480848          14041500000000299700414168801000000000000000000000000000000000000000000000000000000000000000000000000000000000000002997000000000000000000000000000   260315                                          1                                                  000100
10213247845000128416070035008805076  44809                    0004480929                                   132260315PED020995/0004480929          31031500000000227100414168801000000000000000000000000000000000000000000000000000000000000000000000000000000000000002271000000000000000000000000000   260315                                          1                                                  000101
10213247845000128416070035008805076  44814                    0004481429                                   102260315PED10192630004481429          31031500000000131400414168808000000000020000000000000000000000000000000000000000000000000000000000000000000000000000000000000000000000000000000000                                                                                                      000102
10213247845000128416070035008805076  44815                    0004481593                                   102260315PED40626390004481593          07041500000000423600414168808000000000020000000000000000000000000000000000000000000000000000000000000000000000000000000000000000000000000000000000                                                                                                      000103
10213247845000128416070035008805076  44816                    0004481674                                   102260315PED37526380004481674          06041500000000370840411974708000000000020000000000000000000000000000000000000000000000000000000000000000000000000000000000000000000000000000000000                                                                                                      000104
10213247845000128416070035008805076  44817                    0004481755                                   102260315PED10222630004481755          06041500000000194850415496808000000000020000000000000000000000000000000000000000000000000000000000000000000000000000000000000000000000000000000000                                                                                                      000105
10213247845000128416070035008805076  44818                    0004481836                                   102260315PED10222630004481836          06041500000000154890415496808000000000020000000000000000000000000000000000000000000000000000000000000000000000000000000000000000000000000000000000                                                                                                      000106
10213247845000128416070035008805076  44820                    0004482093                                   102260315PED10222630004482093          07041500000000105120415496808000000000020000000000000000000000000000000000000000000000000000000000000000000000000000000000000000000000000000000000                                                                                                      000107
10213247845000128416070035008805076  44822                    0004482255                                   102260315PED10222630004482255          07041500000000430610415496808000000000020000000000000000000000000000000000000000000000000000000000000000000000000000000000000000000000000000000000                                                                                                      000108
10213247845000128416070035008805076  44823                    0004482336                                   102260315PED10222630004482336          07041500000000135720411974708000000000020000000000000000000000000000000000000000000000000000000000000000000000000000000000000000000000000000000000                                                                                                      000109
10213247845000128416070035008805076  44824                    0004482417                                   102260315PED10222630004482417          07041500000000220760415496808000000000020000000000000000000000000000000000000000000000000000000000000000000000000000000000000000000000000000000000                                                                                                      000110
10213247845000128416070035008805076  44826                    0004482662                                   102260315PED78826380004482662          07041500000000204430416106908000000000020000000000000000000000000000000000000000000000000000000000000000000000000000000000000000000000000000000000                                                                                                      000111
10213247845000128416070035008805076  44827                    0004482743                                   102260315PED78826380004482743          07041500000000203040411636508000000000020000000000000000000000000000000000000000000000000000000000000000000000000000000000000000000000000000000000                                                                                                      000112
10213247845000128416070035008805076  44828                    0004482824                                   102260315PED10222630004482824          27031500000000119280412329908000000000020000000000000000000000000000000000000000000000000000000000000000000000000000000000000000000000000000000000                                                                                                      000113
10213247845000128416070035008805076  44829                    0004482905                                   102260315PED10222630004482905          07041500000000154840412329908000000000020000000000000000000000000000000000000000000000000000000000000000000000000000000000000000000000000000000000                                                                                                      000114
10213247845000128416070035008805076  44830                    0004483081                                   102260315PED78826390004483081          29031500000000398130411636508000000000020000000000000000000000000000000000000000000000000000000000000000000000000000000000000000000000000000000000                                                                                                      000115
10213247845000128416070035008805076  44831                    0004483162                                   102260315PED10222630004483162          27031500000000126410412329908000000000020000000000000000000000000000000000000000000000000000000000000000000000000000000000000000000000000000000000                                                                                                      000116
10213247845000128416070035008805076  44832                    0004483243                                   102260315PED78826390004483243          07041500000001805650412907608000000000020000000000000000000000000000000000000000000000000000000000000000000000000000000000000000000000000000000000                                                                                                      000117
10213247845000128416070035008805076  44833                    0004483324                                   102260315PED10222630004483324          31031500000000150990412329908000000000020000000000000000000000000000000000000000000000000000000000000000000000000000000000000000000000000000000000                                                                                                      000118
10213247845000128416070035008805076  44834                    0004483405                                   102260315PED78826390004483405          14041500000000836610412907608000000000020000000000000000000000000000000000000000000000000000000000000000000000000000000000000000000000000000000000                                                                                                      000119
10213247845000128416070035008805076  44836                    0004483650                                   102260315PED10222630004483650          27031500000000370650412329908000000000020000000000000000000000000000000000000000000000000000000000000000000000000000000000000000000000000000000000                                                                                                      000120
10213247845000128416070035008805076  44837                    0004483731                                   102260315PED10212630004483731          07041500000000107360412907608000000000020000000000000000000000000000000000000000000000000000000000000000000000000000000000000000000000000000000000                                                                                                      000121
10213247845000128416070035008805076  44838                    0004483812                                   102260315PED10212630004483812          07041500000000588000412907608000000000020000000000000000000000000000000000000000000000000000000000000000000000000000000000000000000000000000000000                                                                                                      000122
10213247845000128416070035008805076  44839                    0004483995                                   102260315PED78826380004483995          14041500000000353430416106908000000000020000000000000000000000000000000000000000000000000000000000000000000000000000000000000000000000000000000000                                                                                                      000123
10213247845000128416070035008805076  44840                    0004484088                                   102260315PED78826380004484088          31031500000000179390412907608000000000020000000000000000000000000000000000000000000000000000000000000000000000000000000000000000000000000000000000                                                                                                      000124
10213247845000128416070035008805076  44841                    0004484150                                   102260315PED78826380004484150          07041500000000315080416106908000000000020000000000000000000000000000000000000000000000000000000000000000000000000000000000000000000000000000000000                                                                                                      000125
10213247845000128416070035008805076  44842                    0004484231                                   102260315PED78826380004484231          07041500000000446810412907608000000000020000000000000000000000000000000000000000000000000000000000000000000000000000000000000000000000000000000000                                                                                                      000126
10213247845000128416070035008805076  44843                    0004484312                                   102260315PED10222630004484312          08041500000000301380412329908000000000020000000000000000000000000000000000000000000000000000000000000000000000000000000000000000000000000000000000                                                                                                      000127
10213247845000128416070035008805076  44844                    0004484495                                   102260315PED10222630004484495          01041500000000304950412329908000000000020000000000000000000000000000000000000000000000000000000000000000000000000000000000000000000000000000000000                                                                                                      000128
10213247845000128416070035008805076  44846                    0004484649                                   102260315PED10222630004484649          08041500000000186300412329908000000000020000000000000000000000000000000000000000000000000000000000000000000000000000000000000000000000000000000000                                                                                                      000129
10213247845000128416070035008805076  44847                    0004484738                                   102260315PED10212630004484738          28031500000000252740412907608000000000020000000000000000000000000000000000000000000000000000000000000000000000000000000000000000000000000000000000                                                                                                      000130
10213247845000128416070035008805076  44848                    0004484800                                   102260315PED34426390004484800          01041500000000265620411974708000000000020000000000000000000000000000000000000000000000000000000000000000000000000000000000000000000000000000000000                                                                                                      000131
10213247845000128416070035008805076  44850                    0004485068                                   102260315PED10222630004485068          07041500000000103200411974708000000000020000000000000000000000000000000000000000000000000000000000000000000000000000000000000000000000000000000000                                                                                                      000132
10213247845000128416070035008805076  44851                    0004485149                                   102260315PED10222630004485149          08041500000000178910415496808000000000020000000000000000000000000000000000000000000000000000000000000000000000000000000000000000000000000000000000                                                                                                      000133
10213247845000128416070035008805076  44852                    0004485238                                   102260315PED37526390004485238          01041500000000156850411974708000000000020000000000000000000000000000000000000000000000000000000000000000000000000000000000000000000000000000000000                                                                                                      000134
10213247845000128416070035008805076  44853                    0004485300                                   102260315PED40626390004485300          22041500000000289740414168808000000000020000000000000000000000000000000000000000000000000000000000000000000000000000000000000000000000000000000000                                                                                                      000135
10213247845000128416070035008805076  44854                    0004485483                                   102260315PED36726380004485483          30031500000000132620414168808000000000020000000000000000000000000000000000000000000000000000000000000000000000000000000000000000000000000000000000                                                                                                      000136
10213247845000128416070035008805076  44855                    0004485556                                   102260315PED10192630004485556          31031500000000334380414168808000000000020000000000000000000000000000000000000000000000000000000000000000000000000000000000000000000000000000000000                                                                                                      000137
10213247845000128416070035008805076  44856                    0004485637                                   102260315PED10192630004485637          01041500000000244200414168808000000000020000000000000000000000000000000000000000000000000000000000000000000000000000000000000000000000000000000000                                                                                                      000138
10213247845000128416070035008805076  44858                    0004485890                                   102260315PED37526390004485890          07041500000000246000419407208000000000020000000000000000000000000000000000000000000000000000000000000000000000000000000000000000000000000000000000                                                                                                      000139
10213247845000128416070035008805076  44859                    0004485971                                   102260315PED37526390004485971          08041500000000308220419407208000000000020000000000000000000000000000000000000000000000000000000000000000000000000000000000000000000000000000000000                                                                                                      000140
10213247845000128416070035008805076  44860                    0004486056                                   102260315PED36726390004486056          01041500000000271980411636508000000000020000000000000000000000000000000000000000000000000000000000000000000000000000000000000000000000000000000000                                                                                                      000141
10213247845000128416070035008805076  44861                    0004486137                                   102260315PED36726390004486137          15041500000000456650417914608000000000020000000000000000000000000000000000000000000000000000000000000000000000000000000000000000000000000000000000                                                                                                      000142
10213247845000128416070035008805076  44862                    0004486218                                   102260315PED36726390004486218          07041500000000386930417914608000000000020000000000000000000000000000000000000000000000000000000000000000000000000000000000000000000000000000000000                                                                                                      000143
10213247845000128416070035008805076  44863                    0004486390                                   102260315PED021007/0004486390          07041500000000531650417914608000000000020000000000000000000000000000000000000000000000000000000000000000000000000000000000000000000000000000000000                                                                                                      000144
10213247845000128416070035008805076  44864                    0004486471                                   102260315PED36726390004486471          08041500000000493950417914608000000000020000000000000000000000000000000000000000000000000000000000000000000000000000000000000000000000000000000000                                                                                                      000145
10213247845000128416070035008805076  44865                    0004486544                                   102260315PED10212630004486544          31031500000000229900412907608000000000020000000000000000000000000000000000000000000000000000000000000000000000000000000000000000000000000000000000                                                                                                      000146
10213247845000128416070035008805076  44868                    0004486889                                   102260315PED78826390004486889          08041500000000215030414168808000000000020000000000000000000000000000000000000000000000000000000000000000000000000000000000000000000000000000000000                                                                                                      000147
10213247845000128416070035008805076  44869                    0004486978                                   102260315PED78826390004486978          08041500000000157890414168808000000000020000000000000000000000000000000000000000000000000000000000000000000000000000000000000000000000000000000000                                                                                                      000148
10213247845000128416070035008805076  44870                    0004487044                                   102260315PED36726390004487044          08041500000000344370414168808000000000020000000000000000000000000000000000000000000000000000000000000000000000000000000000000000000000000000000000                                                                                                      000149
10213247845000128416070035008805076  44871                    0004487125                                   102260315PED36726390004487125          15041500000000344370414168808000000000020000000000000000000000000000000000000000000000000000000000000000000000000000000000000000000000000000000000                                                                                                      000150
10213247845000128416070035008805076  44872                    0004487206                                   102260315PED78826390004487206          08041500000000214440414168808000000000020000000000000000000000000000000000000000000000000000000000000000000000000000000000000000000000000000000000                                                                                                      000151
10213247845000128416070035008805076  44873                    0004487389                                   102260315PED78826390004487389          08041500000000117720414168808000000000020000000000000000000000000000000000000000000000000000000000000000000000000000000000000000000000000000000000                                                                                                      000152
10213247845000128416070035008805076  44874                    0004487478                                   102260315PED78826390004487478          22041500000000304830414168808000000000020000000000000000000000000000000000000000000000000000000000000000000000000000000000000000000000000000000000                                                                                                      000153
10213247845000128416070035008805076  44875                    0004487532                                   102260315PED36726390004487532          08041500000000184650414168808000000000020000000000000000000000000000000000000000000000000000000000000000000000000000000000000000000000000000000000                                                                                                      000154
10213247845000128416070035008805076  44876                    0004487613                                   102260315PED10192630004487613          08041500000000462710414168808000000000020000000000000000000000000000000000000000000000000000000000000000000000000000000000000000000000000000000000                                                                                                      000155
10213247845000128416070035008805076  44878                    0004487877                                   102260315PED40626390004487877          14041500000000170920414168808000000000020000000000000000000000000000000000000000000000000000000000000000000000000000000000000000000000000000000000                                                                                                      000156
10213247845000128416070035008805076  44879                    0004487958                                   102260315PED10192640004487958          08041500000000274300414168808000000000020000000000000000000000000000000000000000000000000000000000000000000000000000000000000000000000000000000000                                                                                                      000157
10213247845000128416070035008805076  44880                    0004488032                                   102260315PED10192630004488032          07041500000000213420414168808000000000020000000000000000000000000000000000000000000000000000000000000000000000000000000000000000000000000000000000                                                                                                      000158
10213247845000128416070035008805076  44881                    0004488113                                   102260315PED10192630004488113          08041500000000157390414168808000000000020000000000000000000000000000000000000000000000000000000000000000000000000000000000000000000000000000000000                                                                                                      000159
10213247845000128416070035008805076  44883                    0004488377                                   102260315PED10192630004488377          15041500000000108920414168808000000000020000000000000000000000000000000000000000000000000000000000000000000000000000000000000000000000000000000000                                                                                                      000160
10213247845000128416070035008805076  44884                    0004488458                                   102260315PED10192630004488458          07041500000000104440414168808000000000020000000000000000000000000000000000000000000000000000000000000000000000000000000000000000000000000000000000                                                                                                      000161
10213247845000128416070035008805076  44885                    0004488520                                   102260315PED10192630004488520          08041500000000232450414168808000000000020000000000000000000000000000000000000000000000000000000000000000000000000000000000000000000000000000000000                                                                                                      000162
10213247845000128416070035008805076  44886                    0004488601                                   102260315PED10192640004488601          15041500000000196820414168808000000000020000000000000000000000000000000000000000000000000000000000000000000000000000000000000000000000000000000000                                                                                                      000163
10213247845000128416070035008805076  44887                    0004488784                                   102260315PED34426400004488784          15041500000000476400411636508000000000020000000000000000000000000000000000000000000000000000000000000000000000000000000000000000000000000000000000                                                                                                      000164
10213247845000128416070035008805076  44888                    0004488865                                   102260315PED34426390004488865          15041500000001551890411636508000000000020000000000000000000000000000000000000000000000000000000000000000000000000000000000000000000000000000000000                                                                                                      000165
10213247845000128416070035008805076  44889                    0004488946                                   102260315PED10192640004488946          08041500000000415830414168808000000000020000000000000000000000000000000000000000000000000000000000000000000000000000000000000000000000000000000000                                                                                                      000166
10213247845000128416070035008805076  44891                    0004489101                                   102260315PED36726390004489101          14041500000000159640414168808000000000020000000000000000000000000000000000000000000000000000000000000000000000000000000000000000000000000000000000                                                                                                      000167
10213247845000128416070035008805076  44892                    0004489284                                   102260315PED78826390004489284          01041500000000371470414168808000000000020000000000000000000000000000000000000000000000000000000000000000000000000000000000000000000000000000000000                                                                                                      000168
10213247845000128416070035008805076  44893                    0004489365                                   102260315PED10192640004489365          01041500000000108170414168808000000000020000000000000000000000000000000000000000000000000000000000000000000000000000000000000000000000000000000000                                                                                                      000169
10213247845000128416070035008805076  44894                    0004489446                                   102260315PED37526390004489446          15041500000000334770419407208000000000020000000000000000000000000000000000000000000000000000000000000000000000000000000000000000000000000000000000                                                                                                      000170
10213247845000128416070035008805076  44895                    0004489519                                   102260315PED10192640004489519          08041500000000103230414168808000000000020000000000000000000000000000000000000000000000000000000000000000000000000000000000000000000000000000000000                                                                                                      000171
10213247845000128416070035008805076  44896                    0004489691                                   102260315PED37526390004489691          08041500000000197000414168808000000000020000000000000000000000000000000000000000000000000000000000000000000000000000000000000000000000000000000000                                                                                                      000172
9201041          000005730000002322511800000000 00000720000000021826450000061000000002282916                                                                                                                                                                                                                                                                                                              000173
