02RETORNO01COBRANCA       416070035008        DISTRIBUIDORA DE ALIMENTOS BIL041BANRISUL       02041501600BPI                                                                                                                                                                                                                                                                                              000001
10213247845000128416070035008805076  43417                    0004341759                                   115010415PED40626100004341759          17031500000000468790414168808000000000000000000000005700000000000000000000000000000000000000000000000000000000000004630900000000008460000000000000   020415                                         17                                                  000002
10213247845000128416070035008805076  43700                    0004370058                                   115010415PED36726170004370058          17031500000000643710417914608000000000000000000000005700000000000000000000000000000000000000000000000000000000000006380100000000011580000000000000   020415                                         17                                                  000003
10213247845000128416070035008805076  43722                    0004372298                                   115010415PED40626170004372298          17031500000000744060414168808000000000000000000000005700000000000000000000000000000000000000000000000000000000000007383600000000013380000000000000   020415                                         17                                                  000004
10213247845000128416070035008805998                           0004380851                                   11002041500043808510004380851          02041500000000147170414168800000000000000000000000028900000000000000000000000000000000000000000000000000000000000001182700000000000000000000000000   020415                                          7                                                  000005
10213247845000128416070035008805076  43812                    0004381270                                   106010415PED40626180004381270          01041500000000928750334135108000000000000000000000000000000000000000000000000000000000000000000000000000000000000009287500000000000000000000000000   020415                                         13                                                  000006
10213247845000128416070035008805076  43820                    0004382005                                   106010415PED78826190004382005          01041500000000473140334135108000000000000000000000000000000000000000000000000000000000000000000000000000000000000004731400000000000000000000000000   020415                                         17                                                  000007
10213247845000128416070035008815055  43821                    0004382188          2014041630105001000003   306010415PED78826190004382188          01041500000000046350334135108000000000000000000000000000000000000000000000000000000000000000000000000000000000000000463500000000000000000000000000   020415                                         17                                                  000008
10213247845000128416070035008815055  43827                    0004382757          2014041630105001000005   306010415PED37526180004382757          01041500000000165930410109008000000000000000000000000000000000000000000000000000000000000000000000000000000000000001659300000000000000000000000000   020415                                         17                                                  000009
10213247845000128416070035008815055  44144                    0004414446          2014041630105001000005   306010415PED10212620004414446          01041500000000128661044135108000000000000000000000000000000000000000000000000000000000000000000000000000000000000001286600000000000000000000000000   020415                                         15                                                  000010
10213247845000128416070035008805076  44147                    0004414772                                   106010415PED40626250004414772          01041500000001049000014135108000000000000000000000000000000000000000000000000000000000000000000000000000000000000010490000000000000000000000000000   020415                                         11                                                  000011
10213247845000128416070035008805076  44156                    0004415698                                   106010415PED36726250004415698          01041500000001308577484135108000000000000000000000000000000000000000000000000000000000000000000000000000000000000013085700000000000000000000000000   020415                                         11                                                  000012
10213247845000128416070035008815055  44164                    0004416422          2014041630105001000005   306010415PED36726260004416422          01041500000000344061044135108000000000000000000000000000000000000000000000000000000000000000000000000000000000000003440600000000000000000000000000   020415                                         15                                                  000013
10213247845000128416070035008805076  44186                    0004418654                                   106010415PED37526260004418654          01041500000000428150014135108000000000000000000000000000000000000000000000000000000000000000000000000000000000000004281500000000000000000000000000   020415                                         13                                                  000014
10213247845000128416070035008805076  44195                    0004419561                                   106010415PED78826250004419561          01041500000000421840413087208000000000000000000000000000000000000000000000000000000000000000000000000000000000000004218400000000000000000000000000   020415                                         11                                                  000015
10213247845000128416070035008815055  44201                    0004420128          2014041630105001000005   306010415PED020682/0004420128          01041500000000199000410109008000000000000000000000000000000000000000000000000000000000000000000000000000000000000001990000000000000000000000000000   020415                                         13                                                  000016
10213247845000128416070035008805076  44204                    0004420462                                   106010415PED10212620004420462          01041500000000493202374135108000000000000000000000000000000000000000000000000000000000000000000000000000000000000004932000000000000000000000000000   020415                                         13                                                  000017
10213247845000128416070035008815055  44216                    0004421604          2014041630105001000014   306010415PED36726260004421604          01041500000000125650410109008000000000000000000000000000000000000000000000000000000000000000000000000000000000000001256500000000000000000000000000   020415                                         16                                                  000018
10213247845000128416070035008815055  44217                    0004421787          2014041630105001000005   306010415PED020725/0004421787          01041500000000239351044135108000000000000000000000000000000000000000000000000000000000000000000000000000000000000002393500000000000000000000000000   020415                                         15                                                  000019
10213247845000128416070035008805076  44227                    0004422775                                   106010415PED10192620004422775          01041500000000572150014135108000000000000000000000000000000000000000000000000000000000000000000000000000000000000005721500000000000000000000000000   020415                                         11                                                  000020
10213247845000128416070035008805076  44231                    0004423194                                   106010415PED78826260004423194          01041500000000419460410109008000000000000000000000000000000000000000000000000000000000000000000000000000000000000004194600000000000000000000000000   020415                                         13                                                  000021
10213247845000128416070035008805076  44232                    0004423275                                   106010415PED78826260004423275          02041500000000630643414135108000000000000000000000000000000000000000000000000000000000000000000000000000000000000006306400000000000000000000000000   020415                                         12                                                  000022
10213247845000128416070035008805076  44261                    0004426169                                   115010415PED34426260004426169          19031500000000318050412907608000000000000000000000005700000000000000000000000000000000000000000000000000000000000003123500000000003800000000000000   020415                                         17                                                  000023
10213247845000128416070035008815055  44274                    0004427491          2014041630105001000003   306010415PED34426260004427491          02041500000000132052374135108000000000000000000000000000000000000000000000000000000000000000000000000000000000000001320500000000000000000000000000   020415                                         15                                                  000024
10213247845000128416070035008815055  44292                    0004429214          2014041630105001000003   306010415PED10192620004429214          01041500000000285100410109008000000000000000000000000000000000000000000000000000000000000000000000000000000000000002851000000000000000000000000000   020415                                         16                                                  000025
10213247845000128416070035008815055  44390                    0004439031          2014041630105001000005   306010415PED40626310004439031          06041500000000314760014135108000000000000000000000000000000000000000000000000000000000000000000000000000000000000003147600000000000000000000000000   020415                                         11                                                  000026
10213247845000128416070035008805076  44460                    0004446046                                   106010415PED10192630004446046          31031500000000459150414168808000000000000000000000000000000000000000000000000000000000000000000000000000000000000004591500000000001380000000000000   020415                                         11                                                  000027
10213247845000128416070035008815055  44498                    0004449843          2013041630105001000013   306010415PED10222630004449843          01041500000000163947484135108000000000000000000000000000000000000000000000000000000000000000000000000000000000000001639400000000000000000000000000   020415                                         15                                                  000028
10213247845000128416070035008815055  44499                    0004449924          2014041630105001000005   306010415PED10222630004449924          01041500000000102467484135108000000000000000000000000000000000000000000000000000000000000000000000000000000000000001024600000000000000000000000000   020415                                         15                                                  000029
10213247845000128416070035008805076  44500                    0004450078                                   106010415PED10222630004450078          01041500000000414431044135108000000000000000000000000000000000000000000000000000000000000000000000000000000000000004144300000000000000000000000000   020415                                         15                                                  000030
10213247845000128416070035008815055  44502                    0004450248          2014041630105001000005   306010415PED10212630004450248          01041500000000088430014135108000000000000000000000000000000000000000000000000000000000000000000000000000000000000000884300000000000000000000000000   020415                                         13                                                  000031
10213247845000128416070035008805076  44503                    0004450310                                   106010415PED78826320004450310          01041500000000460443414135108000000000000000000000000000000000000000000000000000000000000000000000000000000000000004604400000000000000000000000000   020415                                         17                                                  000032
10213247845000128416070035008815055  44508                    0004450809          2013041630105001000013   306010415PED020871/0004450809          01041500000000184490014135108000000000000000000000000000000000000000000000000000000000000000000000000000000000000001844900000000000000000000000000   020415                                         12                                                  000033
10213247845000128416070035008815055  44511                    0004451147          2014041630105001000005   306010415PED37526330004451147          01041500000000125770334135108000000000000000000000000000000000000000000000000000000000000000000000000000000000000001257700000000000000000000000000   020415                                         11                                                  000034
10213247845000128416070035008815055  44514                    0004451481          2013041630105001000013   306010415PED10192630004451481          01041500000000167046344135108000000000000000000000000000000000000000000000000000000000000000000000000000000000000001670400000000000000000000000000   020415                                         17                                                  000035
10213247845000128416070035008815055  44519                    0004451988          2014041630105001000003   306010415PED37526330004451988          01041500000000256000014135108000000000000000000000000000000000000000000000000000000000000000000000000000000000000002560000000000000000000000000000   020415                                         13                                                  000036
10213247845000128416070035008805076  44529                    0004452968                                   106010415PED36726320004452968          01041500000000752202374135108000000000000000000000000000000000000000000000000000000000000000000000000000000000000007522000000000000000000000000000   020415                                         15                                                  000037
10213247845000128416070035008815055  44551                    0004455118          2014041630105001000003   306010415PED34426330004455118          01041500000000293910334135108000000000000000000000000000000000000000000000000000000000000000000000000000000000000002939100000000000000000000000000   020415                                         12                                                  000038
10213247845000128416070035008815055  44561                    0004456106          2014041630105001000005   306010415PED10192630004456106          01041500000000104850410109008000000000000000000000000000000000000000000000000000000000000000000000000000000000000001048500000000000000000000000000   020415                                         16                                                  000039
10213247845000128416070035008815055  44567                    0004456769          2013041630105001000013   306010415PED10192630004456769          01041500000000177780014135108000000000000000000000000000000000000000000000000000000000000000000000000000000000000001777800000000000000000000000000   020415                                         13                                                  000040
10213247845000128416070035008815055  44681                    0004468155          2014041630105001000003   306010415PED10212630004468155          01041500000000208150410109008000000000000000000000000000000000000000000000000000000000000000000000000000000000000002081500000000000000000000000000   020415                                         13                                                  000041
10213247845000128416070035008805076  44776                    0004477634                                   106010415PED37526380004477634          31031500000000415760414168808000000000000000000000000000000000000000000000000000000000000000000000000000000000000004157600000000001250000000000000   020415                                         11                                                  000042
10213247845000128416070035008815055  44789                    0004478967          2014041630105001000003   306010415PED020998/0004478967          31031500000000219220414168808000000000000000000000000000000000000000000000000000000000000000000000000000000000000002192200000000000660000000000000   020415                                         11                                                  000043
10213247845000128416070035008815055  44804                    0004480430          2013041630105001000013   306010415PED10192630004480430          07041500000000110000014135108000000000000000000000000000000000000000000000000000000000000000000000000000000000000001100000000000000000000000000000   020415                                         11                                                  000044
10213247845000128416070035008815055  44844                    0004484495          2014041630105001000005   306010415PED10222630004484495          01041500000000304950410109008000000000000000000000000000000000000000000000000000000000000000000000000000000000000003049500000000000000000000000000   020415                                         16                                                  000045
10213247845000128416070035008815055  44848                    0004484800          2014041630105001000003   306010415PED34426390004484800          01041500000000265621044135108000000000000000000000000000000000000000000000000000000000000000000000000000000000000002656200000000000000000000000000   020415                                         12                                                  000046
10213247845000128416070035008815055  44852                    0004485238          2014041630105001000005   306010415PED37526390004485238          01041500000000156851044135108000000000000000000000000000000000000000000000000000000000000000000000000000000000000001568500000000000000000000000000   020415                                         13                                                  000047
10213247845000128416070035008815055  44860                    0004486056          2014041630105001000003   306010415PED36726390004486056          01041500000000271981044135108000000000000000000000000000000000000000000000000000000000000000000000000000000000000002719800000000000000000000000000   020415                                         15                                                  000048
10213247845000128416070035008805076  44892                    0004489284                                   106010415PED78826390004489284          01041500000000371470410109008000000000000000000000000000000000000000000000000000000000000000000000000000000000000003714700000000000000000000000000   020415                                         16                                                  000049
10213247845000128416070035008805998                           0004492153                                   106010415          0004492153          01041500000000331521044135100000000000020000000000000000000000000000000000000000000000000000000000000000000000000003315200000000000000000000000000   020415                                         15                                                  000050
10213247845000128416070035008805998                           0004492315                                   106010415          0004492315          02041500000000164512374135100000000000020000000000000000000000000000000000000000000000000000000000000000000000000001645100000000000000000000000000   020415                                         15                                                  000051
10213247845000128416070035008805998                           0004493710                                   106010415          0004493710          01041500000000150030410109000000000000020000000000000000000000000000000000000000000000000000000000000000000000000001500300000000000000000000000000   020415                                         16                                                  000052
10213247845000128416070035008805998                           0004495209                                   106010415          0004495209          01041500000000545603414135100000000000020000000000000000000000000000000000000000000000000000000000000000000000000005456000000000000000000000000000   020415                                         17                                                  000053
10213247845000128416070035008805998                           0004497368                                   106010415          0004497368          02041500000000193860014135100000000000020000000000000000000000000000000000000000000000000000000000000000000000000001938600000000000000000000000000   020415                                         15                                                  000054
10213247845000128416070035008805998                           0004497775                                   106010415          0004497775          01041500000000152691044135100000000000020000000000000000000000000000000000000000000000000000000000000000000000000001526900000000000000000000000000   020415                                         13                                                  000055
10213247845000128416070035008805998                           0004504607                                   106010415          0004504607          06041500000000664251044135100000000000020000000000000000000000000000000000000000000000000000000000000000000000000006642500000000000000000000000000   020415                                         11                                                  000056
10213247845000128416070035008805076  45082                    0004508254                                   132020415PED37526450004508254          27041500000000160950414168801000000000000000000000000000000000000000000000000000000000000000000000000000000000000001609500000000000000000000000000   020415                                          1                                                  000057
10213247845000128416070035008805076  45086                    0004508661                                   132020415PED78826450004508661          13041500000000195010414168801000000000000000000000000000000000000000000000000000000000000000000000000000000000000001950100000000000000000000000000   020415                                          1                                                  000058
10213247845000128416070035008805076  45089                    0004508904                                   132020415PED34426450004508904          27041500000000259990414168801000000000000000000000000000000000000000000000000000000000000000000000000000000000000002599900000000000000000000000000   020415                                          1                                                  000059
10213247845000128416070035008805076  45092                    0004509242                                   132020415PED40626450004509242          13041500000000201380414168801000000000000000000000000000000000000000000000000000000000000000000000000000000000000002013800000000000000000000000000   020415                                          1                                                  000060
10213247845000128416070035008805076  45094                    0004509404                                   132020415PED34426450004509404          27041500000000082120414168801000000000000000000000000000000000000000000000000000000000000000000000000000000000000000821200000000000000000000000000   020415                                          1                                                  000061
10213247845000128416070035008805076  45095                    0004509579                                   132020415PED37526450004509579          13041500000000232000414168801000000000000000000000000000000000000000000000000000000000000000000000000000000000000002320000000000000000000000000000   020415                                          1                                                  000062
10213247845000128416070035008805076  45096                    0004509668                                   132020415PED10212640004509668          13041500000000111930414168801000000000000000000000000000000000000000000000000000000000000000000000000000000000000001119300000000000000000000000000   020415                                          1                                                  000063
10213247845000128416070035008805076  45098                    0004509811                                   132020415PED34426450004509811          20041500000000147470414168801000000000000000000000000000000000000000000000000000000000000000000000000000000000000001474700000000000000000000000000   020415                                          1                                                  000064
10213247845000128416070035008805076  45103                    0004510399                                   132020415PED10212640004510399          14041500000000155000414168801000000000000000000000000000000000000000000000000000000000000000000000000000000000000001550000000000000000000000000000   020415                                          1                                                  000065
10213247845000128416070035008805076  45104                    0004510488                                   132020415PED37526450004510488          07041500000000142230414168801000000000000000000000000000000000000000000000000000000000000000000000000000000000000001422300000000000000000000000000   020415                                          1                                                  000066
10213247845000128416070035008805076  45106                    0004510623                                   132020415PED37526450004510623          14041500000000225610414168801000000000000000000000000000000000000000000000000000000000000000000000000000000000000002256100000000000000000000000000   020415                                          1                                                  000067
10213247845000128416070035008805076  45107                    0004510704                                   132020415PED40626450004510704          14041500000000115200414168801000000000000000000000000000000000000000000000000000000000000000000000000000000000000001152000000000000000000000000000   020415                                          1                                                  000068
10213247845000128416070035008805076  45108                    0004510887                                   132020415PED34426450004510887          07041500000000271580414168801000000000000000000000000000000000000000000000000000000000000000000000000000000000000002715800000000000000000000000000   020415                                          1                                                  000069
10213247845000128416070035008805076  45110                    0004511042                                   132020415PED34426390004511042          07041500000000284920414168801000000000000000000000000000000000000000000000000000000000000000000000000000000000000002849200000000000000000000000000   020415                                          1                                                  000070
10213247845000128416070035008805076  45113                    0004511387                                   132020415PED34426450004511387          14041500000000286560414168801000000000000000000000000000000000000000000000000000000000000000000000000000000000000002865600000000000000000000000000   020415                                          1                                                  000071
10213247845000128416070035008805076  45116                    0004511611                                   132020415PED10192640004511611          06041500000000105950414168801000000000000000000000000000000000000000000000000000000000000000000000000000000000000001059500000000000000000000000000   020415                                          1                                                  000072
10213247845000128416070035008805076  45118                    0004511875                                   132020415PED10192640004511875          17041500000000072250414168801000000000000000000000000000000000000000000000000000000000000000000000000000000000000000722500000000000000000000000000   020415                                          1                                                  000073
10213247845000128416070035008805076  45119                    0004511956                                   132020415PED10192640004511956          06041500000000105150414168801000000000000000000000000000000000000000000000000000000000000000000000000000000000000001051500000000000000000000000000   020415                                          1                                                  000074
10213247845000128416070035008805076  45121                    0004512111                                   132020415PED10192640004512111          21041500000000111880414168801000000000000000000000000000000000000000000000000000000000000000000000000000000000000001118800000000000000000000000000   020415                                          1                                                  000075
10213247845000128416070035008805076  45122                    0004512294                                   132020415PED34426450004512294          05041500000000167340414168801000000000000000000000000000000000000000000000000000000000000000000000000000000000000001673400000000000000000000000000   020415                                          1                                                  000076
10213247845000128416070035008805076  45126                    0004512618                                   132020415PED40626450004512618          21041500000000198720414168801000000000000000000000000000000000000000000000000000000000000000000000000000000000000001987200000000000000000000000000   020415                                          1                                                  000077
10213247845000128416070035008805076  45129                    0004512944                                   132020415PED10192640004512944          07041500000000153800414168801000000000000000000000000000000000000000000000000000000000000000000000000000000000000001538000000000000000000000000000   020415                                          1                                                  000078
10213247845000128416070035008805076  45134                    0004513444                                   132020415PED36726460004513444          14041500000000286070414168801000000000000000000000000000000000000000000000000000000000000000000000000000000000000002860700000000000000000000000000   020415                                          1                                                  000079
10213247845000128416070035008805076  45136                    0004513606                                   132020415PED40626460004513606          14041500000000228060414168801000000000000000000000000000000000000000000000000000000000000000000000000000000000000002280600000000000000000000000000   020415                                          1                                                  000080
10213247845000128416070035008805076  45143                    0004514351                                   132020415PED10212640004514351          14041500000000195240414168801000000000000000000000000000000000000000000000000000000000000000000000000000000000000001952400000000000000000000000000   020415                                          1                                                  000081
10213247845000128416070035008805076  45149                    0004514920                                   132020415PED40626460004514920          14041500000000166680414168801000000000000000000000000000000000000000000000000000000000000000000000000000000000000001666800000000000000000000000000   020415                                          1                                                  000082
10213247845000128416070035008805076  45152                    0004515269                                   132020415PED10192640004515269          21041500000000170880414168801000000000000000000000000000000000000000000000000000000000000000000000000000000000000001708800000000000000000000000000   020415                                          1                                                  000083
10213247845000128416070035008805076  45153                    0004515358                                   132020415PED10192640004515358          14041500000000242820414168801000000000000000000000000000000000000000000000000000000000000000000000000000000000000002428200000000000000000000000000   020415                                          1                                                  000084
10213247845000128416070035008805076  45155                    0004515595                                   132020415PED10192640004515595          14041500000000143010414168801000000000000000000000000000000000000000000000000000000000000000000000000000000000000001430100000000000000000000000000   020415                                          1                                                  000085
9201041          000003940000001630825400000000 00000000000000000000000000054000000001915777                                                                                                                                                                                                                                                                                                              000086
