02RETORNO01COBRANCA       416070035008        DISTRIBUIDORA DE ALIMENTOS BIL041BANRISUL       06041501600BPI                                                                                                                                                                                                                                                                                              000001
10213247845000128416070035008805076  43717                    0004371798                                   106020415PED40626170004371798          31031500000000467120414168808000000000000000000000000000000000000000000000000000000000000000000000000000000000000004671200000000002800000000000000   060415                                         11                                                  000002
10213247845000128416070035008815055  43718                    0004371860          2014041630105001000005   306020415PED020522/0004371860          31031500000000111820413087208000000000000000000000000000000000000000000000000000000000000000000000000000000000000001118200000000000680000000000000   060415                                         11                                                  000003
10213247845000128416070035008805076  43875                    0004387546                                   106020415PED78826190004387546          02041500000000891570419407208000000000000000000000000000000000000000000000000000000000000000000000000000000000000008915700000000000000000000000000   060415                                         11                                                  000004
10213247845000128416070035008805076  43896                    0004389603                                   106020415PED78826200004389603          02041500000000417140334135108000000000000000000000000000000000000000000000000000000000000000000000000000000000000004171400000000000000000000000000   060415                                         17                                                  000005
10213247845000128416070035008805076  43917                    0004391748                                   106020415PED78826180004391748          02041500000000853120014135108000000000000000000000000000000000000000000000000000000000000000000000000000000000000008531200000000000000000000000000   060415                                         11                                                  000006
10213247845000128416070035008805076  43931                    0004393155                                   106020415PED34426200004393155          02041500000000639471044135108000000000000000000000000000000000000000000000000000000000000000000000000000000000000006394700000000000000000000000000   060415                                         15                                                  000007
10213247845000128416070035008805076  43996                    0004399684                                   106020415PED36726240004399684          30031500000000471870413087208000000000000000000000000000000000000000000000000000000000000000000000000000000000000004718700000000004260000000000000   060415                                         11                                                  000008
10213247845000128416070035008805076  44004                    0004400402                                   106020415PED40626240004400402          30031500000000971490410109008000000000000000000000000000000000000000000000000000000000000000000000000000000000000009714900000000008730000000000000   060415                                         13                                                  000009
10213247845000128416070035008805076  44012                    0004401239                                   106020415PED36726240004401239          30031500000000586940414168808000000000000000000000000000000000000000000000000000000000000000000000000000000000000005869400000000005280000000000000   060415                                         11                                                  000010
10213247845000128416070035008815055  44160                    0004416007          2014041630105001000003   306020415PED34426260004416007          01041500000000247300410109008000000000000000000000000000000000000000000000000000000000000000000000000000000000000002473000000000000740000000000000   060415                                         16                                                  000011
10213247845000128416070035008805076  44234                    0004423437                                   106020415PED40626270004423437          02041500000001926000410109008000000000000000000000000000000000000000000000000000000000000000000000000000000000000019260000000000000000000000000000   060415                                         13                                                  000012
10213247845000128416070035008805076  44235                    0004423518                                   106020415PED40626260004423518          02041500000000912400410109008000000000000000000000000000000000000000000000000000000000000000000000000000000000000009124000000000000000000000000000   060415                                         13                                                  000013
10213247845000128416070035008805076  44254                    0004425413                                   106020415PED36726270004425413          02041500000000401110410109008000000000000000000000000000000000000000000000000000000000000000000000000000000000000004011100000000000000000000000000   060415                                         16                                                  000014
10213247845000128416070035008805076  44266                    0004426657                                   106020415PED40626260004426657          02041500000000718140410109008000000000000000000000000000000000000000000000000000000000000000000000000000000000000007181400000000000000000000000000   060415                                         16                                                  000015
10213247845000128416070035008815055  44270                    0004427076          2014041630105001000003   306020415PED36726270004427076          02041500000000174431044135108000000000000000000000000000000000000000000000000000000000000000000000000000000000000001744300000000000000000000000000   060415                                         15                                                  000016
10213247845000128416070035008815055  44283                    0004428307          2014041630105001000005   306020415PED40626270004428307          02041500000000356040410109008000000000000000000000000000000000000000000000000000000000000000000000000000000000000003560400000000000000000000000000   060415                                         16                                                  000017
10213247845000128416070035008815055  44288                    0004428897          2014041630105001000005   306020415PED36726270004428897          02041500000000113730410109008000000000000000000000000000000000000000000000000000000000000000000000000000000000000001137300000000000000000000000000   060415                                         16                                                  000018
10213247845000128416070035008815055  44291                    0004429133          2014041630105001000005   306020415PED10192620004429133          02041500000000158432374135108000000000000000000000000000000000000000000000000000000000000000000000000000000000000001584300000000000000000000000000   060415                                         15                                                  000019
10213247845000128416070035008815055  44294                    0004429478          2014041630105001000003   306020415PED020746/0004429478          02041500000000238831044135108000000000000000000000000000000000000000000000000000000000000000000000000000000000000002388300000000000000000000000000   060415                                         15                                                  000020
10213247845000128416070035008805076  44443                    0004444302                                   106020415PED020846/0004444302          31031500000000440360417914608000000000000000000000000000000000000000000000000000000000000000000000000000000000000004403600000000002640000000000000   060415                                         11                                                  000021
10213247845000128416070035008815055  44459                    0004445961          2014041630105001000005   306020415PED10192630004445961          31031500000000133060410109008000000000000000000000000000000000000000000000000000000000000000000000000000000000000001330600000000000800000000000000   060415                                         16                                                  000022
10213247845000128416070035008805076  44518                    0004451899                                   106020415PED36726320004451899          01041500000000390390410109008000000000000000000000000000000000000000000000000000000000000000000000000000000000000003903900000000001170000000000000   060415                                         16                                                  000023
10213247845000128416070035008805076  44554                    0004455444                                   106020415PED37526330004455444          01041500000000753950410109008000000000000000000000000000000000000000000000000000000000000000000000000000000000000007539500000000002260000000000000   060415                                         16                                                  000024
10213247845000128416070035008815055  44604                    0004460472          2014041630105001000003   306020415PED36726330004460472          01041500000000316410410109008000000000000000000000000000000000000000000000000000000000000000000000000000000000000003164100000000000950000000000000   060415                                         16                                                  000025
10213247845000128416070035008805076  44609                    0004460960                                   106020415PED78826330004460960          02041500000000575660410109008000000000000000000000000000000000000000000000000000000000000000000000000000000000000005756600000000000000000000000000   060415                                         13                                                  000026
10213247845000128416070035008815055  44612                    0004461207          2014041630105001000005   306020415PED10192630004461207          02041500000000117770410109008000000000000000000000000000000000000000000000000000000000000000000000000000000000000001177700000000000000000000000000   060415                                         16                                                  000027
10213247845000128416070035008815055  44631                    0004463102          2014041630105001000005   306020415PED020890/0004463102          02041500000000339733414135108000000000000000000000000000000000000000000000000000000000000000000000000000000000000003397300000000000000000000000000   060415                                         17                                                  000028
10213247845000128416070035008815055  44632                    0004463285          2014041630105001000003   306020415PED36726340004463285          02041500000000294042374135108000000000000000000000000000000000000000000000000000000000000000000000000000000000000002940400000000000000000000000000   060415                                         15                                                  000029
10213247845000128416070035008815055  44644                    0004464435          2014041630105001000003   306020415PED40626340004464435          02041500000000216600410109008000000000000000000000000000000000000000000000000000000000000000000000000000000000000002166000000000000000000000000000   060415                                         16                                                  000030
10213247845000128416070035008815055  44654                    0004465423          2014041630105001000005   306020415PED34426340004465423          02041500000000337480410109008000000000000000000000000000000000000000000000000000000000000000000000000000000000000003374800000000000000000000000000   060415                                         16                                                  000031
10213247845000128416070035008815055  44658                    0004465830          2014041630105001000003   306020415PED34426340004465830          02041500000000147151044135108000000000000000000000000000000000000000000000000000000000000000000000000000000000000001471500000000000000000000000000   060415                                         15                                                  000032
10213247845000128416070035008815055  44663                    0004466330          2014041630105001000003   306020415PED10192630004466330          02041500000000220150334135108000000000000000000000000000000000000000000000000000000000000000000000000000000000000002201500000000000000000000000000   060415                                         11                                                  000033
10213247845000128416070035008815055  44665                    0004466586          2013041630105001000013   306020415PED37526340004466586          02041500000000246250014135108000000000000000000000000000000000000000000000000000000000000000000000000000000000000002462500000000000000000000000000   060415                                         13                                                  000034
10213247845000128416070035008815055  44671                    0004467167          2014041630105001000003   306020415PED10192630004467167          02041500000000156960014135108000000000000000000000000000000000000000000000000000000000000000000000000000000000000001569600000000000000000000000000   060415                                         11                                                  000035
10213247845000128416070035008815055  44707                    0004470788          2014041630105001000003   306020415PED37526350004470788          06041500000000198931044135108000000000000000000000000000000000000000000000000000000000000000000000000000000000000001989300000000000000000000000000   060415                                         15                                                  000036
10213247845000128416070035008805998                           0004491734                                   106020415          0004491734          01041500000000121150414168800000000000020000000000000000000000000000000000000000000000000000000000000000000000000001211500000000000360000000000000   060415                                         11                                                  000037
10213247845000128416070035008805998                           0004493141                                   106020415          0004493141          02041500000000467912374135100000000000020000000000000000000000000000000000000000000000000000000000000000000000000004679100000000000000000000000000   060415                                         11                                                  000038
10213247845000128416070035008805998                           0004493222                                   106020415          0004493222          02041500000000246841044135100000000000020000000000000000000000000000000000000000000000000000000000000000000000000002468400000000000000000000000000   060415                                         15                                                  000039
10213247845000128416070035008805998                           0004495047                                   106020415          0004495047          02041500000000408330410109000000000000020000000000000000000000000000000000000000000000000000000000000000000000000004083300000000000000000000000000   060415                                         13                                                  000040
10213247845000128416070035008805998                           0004496299                                   106020415          0004496299          02041500000000307731044135100000000000020000000000000000000000000000000000000000000000000000000000000000000000000003077300000000000000000000000000   060415                                         15                                                  000041
10213247845000128416070035008805998                           0004499263                                   106020415          0004499263          03041500000000416020410109000000000000020000000000000000000000000000000000000000000000000000000000000000000000000004160200000000000000000000000000   060415                                         16                                                  000042
10213247845000128416070035008805998                           0004499425                                   106020415          0004499425          03041500000000303251044135100000000000020000000000000000000000000000000000000000000000000000000000000000000000000003032500000000000000000000000000   060415                                         15                                                  000043
10213247845000128416070035008805076  45000                    0004500075                                   102060415PED021076/0004500075          10041500000000170640419407208000000000020000000000000000000000000000000000000000000000000000000000000000000000000000000000000000000000000000000000                                                                                                      000044
10213247845000128416070035008805998                           0004502965                                   106020415          0004502965          02041500000000309677484135100000000000020000000000000000000000000000000000000000000000000000000000000000000000000003096700000000000000000000000000   060415                                         15                                                  000045
10213247845000128416070035008805998                           0004503058                                   106020415          0004503058          03041500000000415661044135100000000000020000000000000000000000000000000000000000000000000000000000000000000000000004156600000000000000000000000000   060415                                         15                                                  000046
10213247845000128416070035008805998                           0004506359                                   106020415          0004506359          02041500000000147002374135100000000000020000000000000000000000000000000000000000000000000000000000000000000000000001470000000000000000000000000000   060415                                         15                                                  000047
10213247845000128416070035008805076  45079                    0004507916                                   132060415PED34426450004507916          13041500000000323430414168801000000000000000000000000000000000000000000000000000000000000000000000000000000000000003234300000000000000000000000000   060415                                          1                                                  000048
10213247845000128416070035008805076  45080                    0004508092                                   132060415PED34426450004508092          20041500000000383270414168801000000000000000000000000000000000000000000000000000000000000000000000000000000000000003832700000000000000000000000000   060415                                          1                                                  000049
10213247845000128416070035008805076  45090                    0004509080                                   132060415PED36726450004509080          13041500000000337550414168801000000000000000000000000000000000000000000000000000000000000000000000000000000000000003375500000000000000000000000000   060415                                          1                                                  000050
10213247845000128416070035008805076  45093                    0004509323                                   106020415PED37526450004509323          06041500000000156920410109008000000000000000000000000000000000000000000000000000000000000000000000000000000000000001569200000000000000000000000000   060415                                         11                                                  000051
10213247845000128416070035008805076  45102                    0004510216                                   132060415PED37526450004510216          21041500000000288720414168801000000000000000000000000000000000000000000000000000000000000000000000000000000000000002887200000000000000000000000000   060415                                          1                                                  000052
10213247845000128416070035008805076  45105                    0004510542                                   132060415PED37526450004510542          21041500000000363540414168801000000000000000000000000000000000000000000000000000000000000000000000000000000000000003635400000000000000000000000000   060415                                          1                                                  000053
10213247845000128416070035008805076  45125                    0004512529                                   132060415PED021132/0004512529          14041500000000321300414168801000000000000000000000000000000000000000000000000000000000000000000000000000000000000003213000000000000000000000000000   060415                                          1                                                  000054
10213247845000128416070035008805076  45133                    0004513363                                   132060415PED36726460004513363          21041500000000312330414168801000000000000000000000000000000000000000000000000000000000000000000000000000000000000003123300000000000000000000000000   060415                                          1                                                  000055
10213247845000128416070035008805076  45137                    0004513770                                   132060415PED36726450004513770          21041500000000349990414168801000000000000000000000000000000000000000000000000000000000000000000000000000000000000003499900000000000000000000000000   060415                                          1                                                  000056
10213247845000128416070035008805076  45150                    0004515005                                   132060415PED40626460004515005          14041500000000332220414168801000000000000000000000000000000000000000000000000000000000000000000000000000000000000003322200000000000000000000000000   060415                                          1                                                  000057
10213247845000128416070035008805076  45151                    0004515188                                   132060415PED40626460004515188          21041500000000332220414168801000000000000000000000000000000000000000000000000000000000000000000000000000000000000003322200000000000000000000000000   060415                                          1                                                  000058
10213247845000128416070035008805076  45156                    0004515676                                   132060415PED40626460004515676          14041500000000393270414168801000000000000000000000000000000000000000000000000000000000000000000000000000000000000003932700000000000000000000000000   060415                                          1                                                  000059
10213247845000128416070035008805998                           0004519221                                   106020415          0004519221          14041500000000069451044135100000000000020000000000000000000000000000000000000000000000000000000000000000000000000000694500000000000000000000000000   060415                                         15                                                  000060
10213247845000128416070035008805998                           0004519302                                   106020415          0004519302          15041500000000352391044135100000000000020000000000000000000000000000000000000000000000000000000000000000000000000003523900000000000000000000000000   060415                                         15                                                  000061
10213247845000128416070035008805076  45220                    0004522028                                   102060415PED10222640004522028          15041500000000124420412329908000000000020000000000000000000000000000000000000000000000000000000000000000000000000000000000000000000000000000000000                                                                                                      000062
10213247845000128416070035008805076  45245                    0004524586                                   102060415PED36726470004524586          15041500000000519340417914608000000000020000000000000000000000000000000000000000000000000000000000000000000000000000000000000000000000000000000000                                                                                                      000063
10213247845000128416070035008805076  45246                    0004524667                                   102060415PED37526470004524667          08041500000000109080414168808000000000020000000000000000000000000000000000000000000000000000000000000000000000000000000000000000000000000000000000                                                                                                      000064
10213247845000128416070035008805076  45247                    0004524748                                   102060415PED021154/0004524748          29041500000000136440417914608000000000020000000000000000000000000000000000000000000000000000000000000000000000000000000000000000000000000000000000                                                                                                      000065
10213247845000128416070035008805076  45248                    0004524829                                   102060415PED40626470004524829          08041500000000872580419407208000000000020000000000000000000000000000000000000000000000000000000000000000000000000000000000000000000000000000000000                                                                                                      000066
10213247845000128416070035008805076  45250                    0004525086                                   102060415PED37526450004525086          20041500000000331440419407208000000000020000000000000000000000000000000000000000000000000000000000000000000000000000000000000000000000000000000000                                                                                                      000067
10213247845000128416070035008805076  45251                    0004525167                                   102060415PED37526470004525167          15041500000000206190419407208000000000020000000000000000000000000000000000000000000000000000000000000000000000000000000000000000000000000000000000                                                                                                      000068
10213247845000128416070035008805076  45252                    0004525248                                   102060415PED40626470004525248          22041500000000695260419480308000000000020000000000000000000000000000000000000000000000000000000000000000000000000000000000000000000000000000000000                                                                                                      000069
10213247845000128416070035008805076  45253                    0004525329                                   102060415PED10212640004525329          22041500000000984960412907608000000000020000000000000000000000000000000000000000000000000000000000000000000000000000000000000000000000000000000000                                                                                                      000070
10213247845000128416070035008805076  45254                    0004525418                                   102060415PED10222640004525418          08041500000000271840417856508000000000020000000000000000000000000000000000000000000000000000000000000000000000000000000000000000000000000000000000                                                                                                      000071
10213247845000128416070035008805076  45256                    0004525655                                   102060415PED10222640004525655          15041500000000131050417856508000000000020000000000000000000000000000000000000000000000000000000000000000000000000000000000000000000000000000000000                                                                                                      000072
10213247845000128416070035008805076  45257                    0004525736                                   102060415PED10222640004525736          15041500000000126070417856508000000000020000000000000000000000000000000000000000000000000000000000000000000000000000000000000000000000000000000000                                                                                                      000073
10213247845000128416070035008805076  45258                    0004525817                                   102060415PED40626470004525817          22041500000000171260414168808000000000020000000000000000000000000000000000000000000000000000000000000000000000000000000000000000000000000000000000                                                                                                      000074
10213247845000128416070035008805076  45259                    0004525906                                   102060415PED10192640004525906          29041500000000187830414168808000000000020000000000000000000000000000000000000000000000000000000000000000000000000000000000000000000000000000000000                                                                                                      000075
10213247845000128416070035008805076  45260                    0004526074                                   102060415PED021169/0004526074          22041500000000167460414168808000000000020000000000000000000000000000000000000000000000000000000000000000000000000000000000000000000000000000000000                                                                                                      000076
10213247845000128416070035008805076  45261                    0004526155                                   102060415PED40626470004526155          11041500000000988930414168808000000000020000000000000000000000000000000000000000000000000000000000000000000000000000000000000000000000000000000000                                                                                                      000077
10213247845000128416070035008805076  45262                    0004526236                                   102060415PED10192640004526236          15041500000000135870414168808000000000020000000000000000000000000000000000000000000000000000000000000000000000000000000000000000000000000000000000                                                                                                      000078
10213247845000128416070035008805076  45263                    0004526317                                   102060415PED10192640004526317          15041500000000363790414168808000000000020000000000000000000000000000000000000000000000000000000000000000000000000000000000000000000000000000000000                                                                                                      000079
10213247845000128416070035008805076  45265                    0004526562                                   102060415PED10192640004526562          08041500000000139900414168808000000000020000000000000000000000000000000000000000000000000000000000000000000000000000000000000000000000000000000000                                                                                                      000080
10213247845000128416070035008805076  45266                    0004526643                                   102060415PED78826470004526643          15041500000000289080419407208000000000020000000000000000000000000000000000000000000000000000000000000000000000000000000000000000000000000000000000                                                                                                      000081
10213247845000128416070035008805076  45267                    0004526724                                   102060415PED78826470004526724          22041500000000938250419407208000000000020000000000000000000000000000000000000000000000000000000000000000000000000000000000000000000000000000000000                                                                                                      000082
10213247845000128416070035008805076  45269                    0004526988                                   102060415PED78826470004526988          22041500000000714240419407208000000000020000000000000000000000000000000000000000000000000000000000000000000000000000000000000000000000000000000000                                                                                                      000083
10213247845000128416070035008805076  45270                    0004527062                                   102060415PED78826470004527062          15041500000000276140419407208000000000020000000000000000000000000000000000000000000000000000000000000000000000000000000000000000000000000000000000                                                                                                      000084
10213247845000128416070035008805076  45271                    0004527143                                   102060415PED78826470004527143          22041500000000276130419407208000000000020000000000000000000000000000000000000000000000000000000000000000000000000000000000000000000000000000000000                                                                                                      000085
10213247845000128416070035008805076  45272                    0004527224                                   102060415PED78826470004527224          29041500000001393180419407208000000000020000000000000000000000000000000000000000000000000000000000000000000000000000000000000000000000000000000000                                                                                                      000086
10213247845000128416070035008805076  45273                    0004527305                                   102060415PED40626470004527305          16041500000000109950419407208000000000020000000000000000000000000000000000000000000000000000000000000000000000000000000000000000000000000000000000                                                                                                      000087
10213247845000128416070035008805076  45274                    0004527488                                   102060415PED10212640004527488          16041500000000098330417856508000000000020000000000000000000000000000000000000000000000000000000000000000000000000000000000000000000000000000000000                                                                                                      000088
10213247845000128416070035008805076  45275                    0004527550                                   102060415PED10212640004527550          16041500000000273190414101708000000000020000000000000000000000000000000000000000000000000000000000000000000000000000000000000000000000000000000000                                                                                                      000089
10213247845000128416070035008805076  45279                    0004527976                                   102060415PED10222640004527976          16041500000000361790412329908000000000020000000000000000000000000000000000000000000000000000000000000000000000000000000000000000000000000000000000                                                                                                      000090
10213247845000128416070035008805076  45280                    0004528050                                   102060415PED37526470004528050          09041500000000121520412329908000000000020000000000000000000000000000000000000000000000000000000000000000000000000000000000000000000000000000000000                                                                                                      000091
10213247845000128416070035008805076  45281                    0004528131                                   102060415PED37526470004528131          09041500000000229140412329908000000000020000000000000000000000000000000000000000000000000000000000000000000000000000000000000000000000000000000000                                                                                                      000092
10213247845000128416070035008805076  45282                    0004528212                                   102060415PED34426470004528212          16041500000000225740411636508000000000020000000000000000000000000000000000000000000000000000000000000000000000000000000000000000000000000000000000                                                                                                      000093
10213247845000128416070035008805076  45283                    0004528395                                   102060415PED78826470004528395          09041500000000284550419407208000000000020000000000000000000000000000000000000000000000000000000000000000000000000000000000000000000000000000000000                                                                                                      000094
10213247845000128416070035008805076  45284                    0004528476                                   102060415PED78826460004528476          16041500000000194940414168808000000000020000000000000000000000000000000000000000000000000000000000000000000000000000000000000000000000000000000000                                                                                                      000095
10213247845000128416070035008805076  45285                    0004528549                                   102060415PED021188/0004528549          09041500000000242130414168808000000000020000000000000000000000000000000000000000000000000000000000000000000000000000000000000000000000000000000000                                                                                                      000096
10213247845000128416070035008805076  45286                    0004528638                                   102060415PED40626480004528638          16041500000000444350414168808000000000020000000000000000000000000000000000000000000000000000000000000000000000000000000000000000000000000000000000                                                                                                      000097
10213247845000128416070035008805076  45287                    0004528700                                   102060415PED10192640004528700          23041500000000187860414168808000000000020000000000000000000000000000000000000000000000000000000000000000000000000000000000000000000000000000000000                                                                                                      000098
10213247845000128416070035008805076  45288                    0004528883                                   102060415PED40626470004528883          23041500000001765330414168808000000000020000000000000000000000000000000000000000000000000000000000000000000000000000000000000000000000000000000000                                                                                                      000099
10213247845000128416070035008805076  45290                    0004529049                                   102060415PED78826480004529049          30041500000000677180412907608000000000020000000000000000000000000000000000000000000000000000000000000000000000000000000000000000000000000000000000                                                                                                      000100
10213247845000128416070035008805076  45291                    0004529138                                   102060415PED021190/0004529138          30041500000000335480412907608000000000020000000000000000000000000000000000000000000000000000000000000000000000000000000000000000000000000000000000                                                                                                      000101
10213247845000128416070035008805076  45292                    0004529200                                   102060415PED36726480004529200          23041500000000314040412907608000000000020000000000000000000000000000000000000000000000000000000000000000000000000000000000000000000000000000000000                                                                                                      000102
10213247845000128416070035008805076  45293                    0004529383                                   102060415PED36726480004529383          23041500000000382470414168808000000000020000000000000000000000000000000000000000000000000000000000000000000000000000000000000000000000000000000000                                                                                                      000103
10213247845000128416070035008805076  45294                    0004529464                                   102060415PED37526480004529464          09041500000000130000417914608000000000020000000000000000000000000000000000000000000000000000000000000000000000000000000000000000000000000000000000                                                                                                      000104
10213247845000128416070035008805076  45297                    0004529790                                   102060415PED37526470004529790          08041500000000220000416973608000000000020000000000000000000000000000000000000000000000000000000000000000000000000000000000000000000000000000000000                                                                                                      000105
10213247845000128416070035008805076  45298                    0004529871                                   102060415PED40626480004529871          09041500000001239610419407208000000000020000000000000000000000000000000000000000000000000000000000000000000000000000000000000000000000000000000000                                                                                                      000106
10213247845000128416070035008805076  45299                    0004529952                                   102060415PED36726470004529952          09041500000000380890417914608000000000020000000000000000000000000000000000000000000000000000000000000000000000000000000000000000000000000000000000                                                                                                      000107
10213247845000128416070035008805076  45300                    0004530012                                   102060415PED021186/0004530012          16041500000000455270417914608000000000020000000000000000000000000000000000000000000000000000000000000000000000000000000000000000000000000000000000                                                                                                      000108
10213247845000128416070035008805076  45301                    0004530195                                   102060415PED78826480004530195          09041500000000336960414168808000000000020000000000000000000000000000000000000000000000000000000000000000000000000000000000000000000000000000000000                                                                                                      000109
10213247845000128416070035008805076  45302                    0004530276                                   102060415PED78826480004530276          23041500000000139640414168808000000000020000000000000000000000000000000000000000000000000000000000000000000000000000000000000000000000000000000000                                                                                                      000110
10213247845000128416070035008805076  45304                    0004530438                                   102060415PED10192640004530438          09041500000000353610414168808000000000020000000000000000000000000000000000000000000000000000000000000000000000000000000000000000000000000000000000                                                                                                      000111
10213247845000128416070035008805076  45305                    0004530500                                   102060415PED34426480004530500          16041500000000129910414168808000000000020000000000000000000000000000000000000000000000000000000000000000000000000000000000000000000000000000000000                                                                                                      000112
10213247845000128416070035008805076  45306                    0004530683                                   102060415PED10192640004530683          08041500000000150640414168808000000000020000000000000000000000000000000000000000000000000000000000000000000000000000000000000000000000000000000000                                                                                                      000113
10213247845000128416070035008805076  45309                    0004530926                                   102060415PED10212640004530926          16041500000000215220412907608000000000020000000000000000000000000000000000000000000000000000000000000000000000000000000000000000000000000000000000                                                                                                      000114
10213247845000128416070035008805076  45310                    0004531000                                   102060415PED34426480004531000          30041500000000906420414168808000000000020000000000000000000000000000000000000000000000000000000000000000000000000000000000000000000000000000000000                                                                                                      000115
10213247845000128416070035008805076  45311                    0004531183                                   102060415PED37526480004531183          23041500000000614410411636508000000000020000000000000000000000000000000000000000000000000000000000000000000000000000000000000000000000000000000000                                                                                                      000116
10213247845000128416070035008805076  45312                    0004531264                                   102060415PED10192640004531264          09041500000000164460414168808000000000020000000000000000000000000000000000000000000000000000000000000000000000000000000000000000000000000000000000                                                                                                      000117
10213247845000128416070035008805076  45313                    0004531345                                   102060415PED37526470004531345          09041500000000220540419480308000000000020000000000000000000000000000000000000000000000000000000000000000000000000000000000000000000000000000000000                                                                                                      000118
10213247845000128416070035008805076  45314                    0004531426                                   102060415PED021204/0004531426          09041500000000109700419407208000000000020000000000000000000000000000000000000000000000000000000000000000000000000000000000000000000000000000000000                                                                                                      000119
10213247845000128416070035008805076  45315                    0004531590                                   102060415PED78826480004531590          16041500000000133710414168808000000000020000000000000000000000000000000000000000000000000000000000000000000000000000000000000000000000000000000000                                                                                                      000120
10213247845000128416070035008805076  45316                    0004531671                                   102060415PED78826470004531671          16041500000001109140419407208000000000020000000000000000000000000000000000000000000000000000000000000000000000000000000000000000000000000000000000                                                                                                      000121
10213247845000128416070035008805076  45317                    0004531752                                   102060415PED78826470004531752          23041500000000636160419407208000000000020000000000000000000000000000000000000000000000000000000000000000000000000000000000000000000000000000000000                                                                                                      000122
10213247845000128416070035008805076  45318                    0004531833                                   102060415PED36726480004531833          16041500000000177740414168808000000000020000000000000000000000000000000000000000000000000000000000000000000000000000000000000000000000000000000000                                                                                                      000123
10213247845000128416070035008805076  45319                    0004531914                                   102060415PED021202/0004531914          23041500000000713060414168808000000000020000000000000000000000000000000000000000000000000000000000000000000000000000000000000000000000000000000000                                                                                                      000124
10213247845000128416070035008805076  45321                    0004532171                                   102060415PED10192640004532171          09041500000000247490414168808000000000020000000000000000000000000000000000000000000000000000000000000000000000000000000000000000000000000000000000                                                                                                      000125
10213247845000128416070035008805076  45322                    0004532252                                   102060415PED40626480004532252          16041500000000326870414168808000000000020000000000000000000000000000000000000000000000000000000000000000000000000000000000000000000000000000000000                                                                                                      000126
10213247845000128416070035008805076  45323                    0004532333                                   102060415PED10192640004532333          09041500000000171560414168808000000000020000000000000000000000000000000000000000000000000000000000000000000000000000000000000000000000000000000000                                                                                                      000127
10213247845000128416070035008805076  45324                    0004532414                                   102060415PED36726480004532414          07041500000000709470414168808000000000020000000000000000000000000000000000000000000000000000000000000000000000000000000000000000000000000000000000                                                                                                      000128
10213247845000128416070035008805076  45334                    0004533402                                   102060415PED34426520004533402          20041500000000262370414168808000000000020000000000000000000000000000000000000000000000000000000000000000000000000000000000000000000000000000000000                                                                                                      000129
9201041          000004270000001746079900000000 00000690000000027224210000048000000001926416                                                                                                                                                                                                                                                                                                              000130
