02RETORNO01COBRANCA       416070035008        DISTRIBUIDORA DE ALIMENTOS BIL041BANRISUL       31031501600BPI                                                                                                                                                                                                                                                                                              000001
10213247845000128416070035008815055  43675                    0004367588          2014041630105001000014   306300315PED78826170004367588          30031500000000359200334135108000000000000000000000000000000000000000000000000000000000000000000000000000000000000003592000000000000000000000000000   310315                                         17                                                  000002
10213247845000128416070035008805076  43691                    0004369157                                   106300315PED34426170004369157          30031500000000397212374135108000000000000000000000000000000000000000000000000000000000000000000000000000000000000003972100000000000000000000000000   310315                                         15                                                  000003
10213247845000128416070035008805076  43695                    0004369564                                   106300315PED34426170004369564          30031500000000897010410109008000000000000000000000000000000000000000000000000000000000000000000000000000000000000008970100000000000000000000000000   310315                                         16                                                  000004
10213247845000128416070035008805076  43748                    0004374835                                   123310315PED40626170004374835          24031500000000383790414168808000000000000000000000000000000000000000000000000000000000000000000000000000000000000000000000000000000000000000000000                                                                                                      000005
10213247845000128416070035008805076  43825                    0004382595                                   106300315PED36726180004382595          25031500000000552550413087208000000000000000000000000000000000000000000000000000000000000000000000000000000000000005525500000000008300000000000000   310315                                         11                                                  000006
10213247845000128416070035008815055  43828                    0004382838          2014041630105001000003   306300315PED36726180004382838          25031500000000310390419407208000000000000000000000000000000000000000000000000000000000000000000000000000000000000003103900000000004650000000000000   310315                                         11                                                  000007
10213247845000128416070035008815055  43859                    0004385985          2014041630105001000014   323310315PED10192610004385985          25031500000000103140414168808000000000000000000000000000000000000000000000000000000000000000000000000000000000000000000000000000000000000000000000                                                                                                      000008
10213247845000128416070035008805076  43877                    0004387708                                   106300315PED78826190004387708          26031500000000746180419407208000000000000000000000000000000000000000000000000000000000000000000000000000000000000007461800000000008960000000000000   310315                                         11                                                  000009
10213247845000128416070035008805076  43901                    0004390180                                   106300315PED36726190004390180          26031500000000428620413087208000000000000000000000000000000000000000000000000000000000000000000000000000000000000004286200000000005160000000000000   310315                                         11                                                  000010
10213247845000128416070035008805076  43910                    0004391098                                   106300315PED78826190004391098          26031500000000865410410109008000000000000000000000000000000000000000000000000000000000000000000000000000000000000008654100000000010400000000000000   310315                                         16                                                  000011
10213247845000128416070035008805076  43924                    0004392418                                   106300315PED34426200004392418          02041500000000682450410109008000000000000000000000000000000000000000000000000000000000000000000000000000000000000006824500000000000000000000000000   310315                                         16                                                  000012
10213247845000128416070035008815055  43981                    0004398106          2014041630105001000003   310310315PED10222610004398106          20031500000000221640417856508000000000000000000000051950000000000000000000000000000000000000000000000000000000000001696900000000000000000000000000   310315                                          7                                                  000013
10213247845000128416070035008815055  43997                    0004399765          2014041630105001000005   306300315PED020651/0004399765          30031500000000099581044135108000000000000000000000000000000000000000000000000000000000000000000000000000000000000000995800000000000000000000000000   310315                                         15                                                  000014
10213247845000128416070035008815055  44009                    0004400992          2013041630105001000013   306300315PED36726240004400992          30031500000000332231044135108000000000000000000000000000000000000000000000000000000000000000000000000000000000000003322300000000000000000000000000   310315                                         12                                                  000015
10213247845000128416070035008805076  44010                    0004401077                                   106300315PED37526240004401077          30031500000000596020410109008000000000000000000000000000000000000000000000000000000000000000000000000000000000000005960200000000000000000000000000   310315                                         16                                                  000016
10213247845000128416070035008805076  44024                    0004402480                                   106300315PED40626240004402480          30031500000000778260014135108000000000000000000000000000000000000000000000000000000000000000000000000000000000000007782600000000000000000000000000   310315                                         11                                                  000017
10213247845000128416070035008815055  44025                    0004402553          2014041630105001000014   306300315PED36726240004402553          30031500000000316873414135108000000000000000000000000000000000000000000000000000000000000000000000000000000000000003168700000000000000000000000000   310315                                         13                                                  000018
10213247845000128416070035008805076  44030                    0004403053                                   106300315PED37526240004403053          30031500000001008640410109008000000000000000000000000000000000000000000000000000000000000000000000000000000000000010086400000000000000000000000000   310315                                         16                                                  000019
10213247845000128416070035008805076  44044                    0004404467                                   110310315PED40626240004404467          23031500000000349420414168808000000000114000000000000000000000000000000000000000000000000000000000000000000000000003494200000000000000000000000000   310315                                         1                                                   000020
10213247845000128416070035008815055  44046                    0004404610          2014041630105001000014   306300315PED020671/0004404610          30031500000000310101044135108000000000000000000000000000000000000000000000000000000000000000000000000000000000000003101000000000000000000000000000   310315                                         15                                                  000021
10213247845000128416070035008805076  44050                    0004405048                                   106300315PED40626240004405048          30031500000000745100410109008000000000000000000000000000000000000000000000000000000000000000000000000000000000000007451000000000000000000000000000   310315                                         13                                                  000022
10213247845000128416070035008805076  44054                    0004405455                                   106300315PED40626240004405455          30031500000001284000410109008000000000000000000000000000000000000000000000000000000000000000000000000000000000000012840000000000000000000000000000   310315                                         13                                                  000023
10213247845000128416070035008805076  44078                    0004407849                                   106300315PED36726240004407849          31031500000000632323994135108000000000000000000000000000000000000000000000000000000000000000000000000000000000000006323200000000000000000000000000   310315                                         11                                                  000024
10213247845000128416070035008815055  44090                    0004409094          2014041630105001000005   306300315PED34426250004409094          31031500000000258330410109008000000000000000000000000000000000000000000000000000000000000000000000000000000000000002583300000000000000000000000000   310315                                         16                                                  000025
10213247845000128416070035008805076  44093                    0004409337                                   123310315PED10192620004409337          24031500000000366540416973608000000000000000000000000000000000000000000000000000000000000000000000000000000000000000000000000000000000000000000000                                                                                                      000026
10213247845000128416070035008815055  44101                    0004410149          2014041630105001000005   306300315PED10192620004410149          31031500000000342461044135108000000000000000000000000000000000000000000000000000000000000000000000000000000000000003424600000000000000000000000000   310315                                         15                                                  000027
10213247845000128416070035008815055  44121                    0004412125          2014041630105001000005   306300315PED34426250004412125          31031500000000154090410109008000000000000000000000000000000000000000000000000000000000000000000000000000000000000001540900000000000000000000000000   310315                                         16                                                  000028
10213247845000128416070035008805076  44134                    0004413458                                   106300315PED78826250004413458          25031500000000377480416106908000000000000000000000000000000000000000000000000000000000000000000000000000000000000003774800000000005650000000000000   310315                                         11                                                  000029
10213247845000128416070035008815055  44142                    0004414284          2014041630105001000003   306300315PED10192620004414284          25031500000000185260414168808000000000000000000000000000000000000000000000000000000000000000000000000000000000000001852600000000002800000000000000   310315                                         11                                                  000030
10213247845000128416070035008815055  44180                    0004418085          2013041630105001000013   323310315PED34426250004418085          24031500000000105480411974708000000000000000000000000000000000000000000000000000000000000000000000000000000000000000000000000000000000000000000000                                                                                                      000031
10213247845000128416070035008805076  44182                    0004418247                                   106300315PED36726250004418247          25031500000000683740419407208000000000000000000000000000000000000000000000000000000000000000000000000000000000000006837400000000010250000000000000   310315                                         11                                                  000032
10213247845000128416070035008805076  44188                    0004418816                                   110310315PED34426260004418816          21031500000000516470414168808000000000114000000000000000000000000000000000000000000000000000000000000000000000000005164700000000000000000000000000   310315                                         1                                                   000033
10213247845000128416070035008815055  44198                    0004419804          2014041630105001000003   306300315PED40626250004419804          01041500000000194180410109008000000000000000000000000000000000000000000000000000000000000000000000000000000000000001941800000000000000000000000000   310315                                         16                                                  000034
10213247845000128416070035008815055  44241                    0004424182          2013041630105001000013   323310315PED10192620004424182          25031500000000107370414168808000000000000000000000000000000000000000000000000000000000000000000000000000000000000000000000000000000000000000000000                                                                                                      000035
10213247845000128416070035008815055  44247                    0004424751          2014041630105001000014   306300315PED34426270004424751          26031500000000055840410109008000000000000000000000000000000000000000000000000000000000000000000000000000000000000000558400000000000680000000000000   310315                                         13                                                  000036
10213247845000128416070035008805076  44278                    0004427807                                   106300315PED78826260004427807          26031500000000654160410109008000000000000000000000000000000000000000000000000000000000000000000000000000000000000006541600000000007840000000000000   310315                                         16                                                  000037
10213247845000128416070035008815055  44285                    0004428552          2014041630105001000005   306300315PED34426270004428552          02041500000000132060410109008000000000000000000000000000000000000000000000000000000000000000000000000000000000000001320600000000000000000000000000   310315                                         16                                                  000038
10213247845000128416070035008815055  44345                    0004434579          2013041630105001000013   306300315PED020764/0004434579          27031500000000327500419407208000000000000000000000000000000000000000000000000000000000000000000000000000000000000003275000000000002940000000000000   310315                                         11                                                  000039
10213247845000128416070035008815055  44350                    0004435079          2014041630105001000003   310310315PED10222620004435079          20031500000000288020417856508000000000000000000000055450000000000000000000000000000000000000000000000000000000000002325700000000000000000000000000   310315                                          7                                                  000040
10213247845000128416070035008815055  44370                    0004437055          2014041630105001000003   306300315PED34426310004437055          30031500000000276812374135108000000000000000000000000000000000000000000000000000000000000000000000000000000000000002768100000000000000000000000000   310315                                         15                                                  000041
10213247845000128416070035008805076  44371                    0004437136                                   106300315PED34426310004437136          30031500000001624450410109008000000000000000000000000000000000000000000000000000000000000000000000000000000000000016244500000000000000000000000000   310315                                         11                                                  000042
10213247845000128416070035008815055  44374                    0004437470          2013041630105001000013   306300315PED40626310004437470          30031500000000190590410109008000000000000000000000000000000000000000000000000000000000000000000000000000000000000001905900000000000000000000000000   310315                                         13                                                  000043
10213247845000128416070035008815055  44382                    0004438205          2014041630105001000005   306300315PED78826270004438205          30031500000000347731044135108000000000000000000000000000000000000000000000000000000000000000000000000000000000000003477300000000000000000000000000   310315                                         15                                                  000044
10213247845000128416070035008815055  44383                    0004438388          2014041630105001000003   306300315PED36726310004438388          30031500000000297882374135108000000000000000000000000000000000000000000000000000000000000000000000000000000000000002978800000000000000000000000000   310315                                         15                                                  000045
10213247845000128416070035008815055  44395                    0004439538          2014041630105001000003   306300315PED34426310004439538          30031500000000261460410109008000000000000000000000000000000000000000000000000000000000000000000000000000000000000002614600000000000000000000000000   310315                                         16                                                  000046
10213247845000128416070035008805076  44399                    0004439945                                   106300315PED36726310004439945          30031500000000736092374135108000000000000000000000000000000000000000000000000000000000000000000000000000000000000007360900000000000000000000000000   310315                                         15                                                  000047
10213247845000128416070035008805076  44401                    0004440188                                   106300315PED020831/0004440188          30031500000000448993414135108000000000000000000000000000000000000000000000000000000000000000000000000000000000000004489900000000000000000000000000   310315                                         17                                                  000048
10213247845000128416070035008815055  44408                    0004440838          2014041630105001000005   306300315PED40626310004440838          30031500000000125700410109008000000000000000000000000000000000000000000000000000000000000000000000000000000000000001257000000000000000000000000000   310315                                         16                                                  000049
10213247845000128416070035008805076  44409                    0004440919                                   106300315PED37526310004440919          30031500000000393800014135108000000000000000000000000000000000000000000000000000000000000000000000000000000000000003938000000000000000000000000000   310315                                         13                                                  000050
10213247845000128416070035008815055  44410                    0004441095          2014041630105001000005   306300315PED36726310004441095          30031500000000342080410109008000000000000000000000000000000000000000000000000000000000000000000000000000000000000003420800000000000000000000000000   310315                                         16                                                  000051
10213247845000128416070035008815055  44413                    0004441338          2014041630105001000003   306300315PED40626310004441338          30031500000000318390410109008000000000000000000000000000000000000000000000000000000000000000000000000000000000000003183900000000000000000000000000   310315                                         16                                                  000052
10213247845000128416070035008815055  44429                    0004442997          2014041630105001000005   306300315PED10192630004442997          30031500000000161400410109008000000000000000000000000000000000000000000000000000000000000000000000000000000000000001614000000000000000000000000000   310315                                         16                                                  000053
10213247845000128416070035008815055  44434                    0004443497          2014041630105001000014   323310315PED37526310004443497          23031500000000104460419407208000000000000000000000000000000000000000000000000000000000000000000000000000000000000000000000000000000000000000000000                                                                                                      000054
10213247845000128416070035008815055  44435                    0004443578          2014041630105001000003   306300315PED78826310004443578          31031500000000297621044135108000000000000000000000000000000000000000000000000000000000000000000000000000000000000002976200000000000000000000000000   310315                                         15                                                  000055
10213247845000128416070035008815055  44437                    0004443721          2014041630105001000005   306300315PED10212630004443721          31031500000000149502374135108000000000000000000000000000000000000000000000000000000000000000000000000000000000000001495000000000000000000000000000   310315                                         11                                                  000056
10213247845000128416070035008805076  44455                    0004445546                                   123310315PED37526310004445546          24031500000000375800411974708000000000000000000000000000000000000000000000000000000000000000000000000000000000000000000000000000000000000000000000                                                                                                      000057
10213247845000128416070035008815055  44463                    0004446380          2014041630105001000005   306300315PED10222630004446380          31031500000000349430410109008000000000000000000000000000000000000000000000000000000000000000000000000000000000000003494300000000000000000000000000   310315                                         16                                                  000058
10213247845000128416070035008805076  44469                    0004446968                                   106300315PED78826310004446968          31031500000001144331044135108000000000000000000000000000000000000000000000000000000000000000000000000000000000000011443300000000000000000000000000   310315                                         11                                                  000059
10213247845000128416070035008805076  44473                    0004447379                                   106300315PED78826310004447379          31031500000000532071044135108000000000000000000000000000000000000000000000000000000000000000000000000000000000000005320700000000000000000000000000   310315                                         15                                                  000060
10213247845000128416070035008815055  44485                    0004448510          2014041630105001000003   306300315PED10222630004448510          30031500000000127901044135108000000000000000000000000000000000000000000000000000000000000000000000000000000000000001279000000000000000000000000000   310315                                         15                                                  000061
10213247845000128416070035008815055  44486                    0004448693          2014041630105001000005   306300315PED10222630004448693          30031500000000359010410109008000000000000000000000000000000000000000000000000000000000000000000000000000000000000003590100000000000000000000000000   310315                                         16                                                  000062
10213247845000128416070035008815055  44487                    0004448774          2014041630105001000005   306300315PED10222630004448774          30031500000000116297484135108000000000000000000000000000000000000000000000000000000000000000000000000000000000000001162900000000000000000000000000   310315                                         15                                                  000063
10213247845000128416070035008805076  44517                    0004451716                                   132310315PED10192630004451716          15041500000000389700414168801000000000000000000000000000000000000000000000000000000000000000000000000000000000000003897000000000000000000000000000   310315                                          1                                                  000064
10213247845000128416070035008805076  44524                    0004452488                                   106300315PED10192630004452488          31031500000000583121044135108000000000000000000000000000000000000000000000000000000000000000000000000000000000000005831200000000000000000000000000   310315                                         15                                                  000065
10213247845000128416070035008815055  44528                    0004452887          2014041630105001000003   306300315PED37526320004452887          01041500000000193390410109008000000000000000000000000000000000000000000000000000000000000000000000000000000000000001933900000000000000000000000000   310315                                         11                                                  000066
10213247845000128416070035008805076  44531                    0004453123                                   132310315PED36726320004453123          07041500000000383810414168801000000000000000000000000000000000000000000000000000000000000000000000000000000000000003838100000000000000000000000000   310315                                          1                                                  000067
10213247845000128416070035008815055  44547                    0004454782          2014041630105001000003   306300315PED40626320004454782          31031500000000218882374135108000000000000000000000000000000000000000000000000000000000000000000000000000000000000002188800000000000000000000000000   310315                                         15                                                  000068
10213247845000128416070035008805076  44548                    0004454863                                   132310315PED36726330004454863          08041500000000387340414168801000000000000000000000000000000000000000000000000000000000000000000000000000000000000003873400000000000000000000000000   310315                                          1                                                  000069
10213247845000128416070035008815055  44555                    0004455517          2014041630105001000003   306300315PED40626320004455517          01041500000000158961044135108000000000000000000000000000000000000000000000000000000000000000000000000000000000000001589600000000000000000000000000   310315                                         15                                                  000070
10213247845000128416070035008805076  44566                    0004456688                                   106300315PED10212630004456688          01041500000000728500410109008000000000000000000000000000000000000000000000000000000000000000000000000000000000000007285000000000000000000000000000   310315                                         11                                                  000071
10213247845000128416070035008815055  44568                    0004456858          2014041630105001000003   306300315PED36726330004456858          01041500000000300141044135108000000000000000000000000000000000000000000000000000000000000000000000000000000000000003001400000000000000000000000000   310315                                         15                                                  000072
10213247845000128416070035008805076  44575                    0004457595                                   106300315PED34426330004457595          25031500000000567240411636508000000000000000000000000000000000000000000000000000000000000000000000000000000000000005672400000000008500000000000000   310315                                         11                                                  000073
10213247845000128416070035008815055  44596                    0004459652          2014041630105001000003   323310315PED40626330004459652          25031500000000126690419407208000000000000000000000000000000000000000000000000000000000000000000000000000000000000000000000000000000000000000000000                                                                                                      000074
10213247845000128416070035008805076  44606                    0004460626                                   132310315PED34426330004460626          09041500000000382680414168801000000000000000000000000000000000000000000000000000000000000000000000000000000000000003826800000000000000000000000000   310315                                          1                                                  000075
10213247845000128416070035008815055  44617                    0004461797          2014041630105001000005   306300315PED78826330004461797          01041500000000324751044135108000000000000000000000000000000000000000000000000000000000000000000000000000000000000003247500000000000000000000000000   310315                                         15                                                  000076
10213247845000128416070035008805076  44620                    0004462033                                   106300315PED40626340004462033          02041500000000416980410109008000000000000000000000000000000000000000000000000000000000000000000000000000000000000004169800000000000000000000000000   310315                                         11                                                  000077
10213247845000128416070035008805998                           0004463447                                   106300315          0004463447          26031500000000247880410109000000000000020000000000000000000000000000000000000000000000000000000000000000000000000002478800000000000000000000000000   310315                                         13                                                  000078
10213247845000128416070035008815055  44643                    0004464354          2014041630105001000003   306300315PED10192630004464354          26031500000000256950414168808000000000000000000000000000000000000000000000000000000000000000000000000000000000000002569500000000003080000000000000   310315                                         11                                                  000079
10213247845000128416070035008805076  44651                    0004465180                                   132310315PED36726340004465180          09041500000000328540414168801000000000000000000000000000000000000000000000000000000000000000000000000000000000000003285400000000000000000000000000   310315                                          1                                                  000080
10213247845000128416070035008805076  44654                    0004465423                                   132310315PED34426340004465423          02041500000000337480414168801000000000000000000000000000000000000000000000000000000000000000000000000000000000000003374800000000000000000000000000   310315                                          1                                                  000081
10213247845000128416070035008805076  44656                    0004465679                                   132310315PED40626340004465679          02041500000000357980414168801000000000000000000000000000000000000000000000000000000000000000000000000000000000000003579800000000000000000000000000   310315                                          1                                                  000082
10213247845000128416070035008805076  44657                    0004465768                                   132310315PED40626340004465768          09041500000000357970414168801000000000000000000000000000000000000000000000000000000000000000000000000000000000000003579700000000000000000000000000   310315                                          1                                                  000083
10213247845000128416070035008805076  44660                    0004466098                                   132310315PED34426340004466098          16041500000000317390414168801000000000000000000000000000000000000000000000000000000000000000000000000000000000000003173900000000000000000000000000   310315                                          1                                                  000084
10213247845000128416070035008805076  44666                    0004466667                                   106300315PED37526340004466667          26031500000000135250410109008000000000000000000000000000000000000000000000000000000000000000000000000000000000000001352500000000001640000000000000   310315                                         16                                                  000085
10213247845000128416070035008805076  44668                    0004466829                                   132310315PED40626340004466829          09041500000000339720414168801000000000000000000000000000000000000000000000000000000000000000000000000000000000000003397200000000000000000000000000   310315                                          1                                                  000086
10213247845000128416070035008805076  44674                    0004467418                                   132310315PED34426340004467418          03041500000000361670414168801000000000000000000000000000000000000000000000000000000000000000000000000000000000000003616700000000000000000000000000   310315                                          1                                                  000087
10213247845000128416070035008815055  44687                    0004468724          2014041630105001000003   306300315PED78826350004468724          27031500000000182710413087208000000000000000000000000000000000000000000000000000000000000000000000000000000000000001827100000000001650000000000000   310315                                         11                                                  000088
10213247845000128416070035008805076  44699                    0004469976                                   123310315PED78826330004469976          23031500000001336590416106908000000000000000000000000000000000000000000000000000000000000000000000000000000000000000000000000000000000000000000000                                                                                                      000089
10213247845000128416070035008805076  44717                    0004471776                                   132310315PED78826380004471776          20041500000000390720414168801000000000000000000000000000000000000000000000000000000000000000000000000000000000000003907200000000000000000000000000   310315                                          1                                                  000090
10213247845000128416070035008805076  44722                    0004472276                                   132310315PED34426380004472276          06041500000000369460414168801000000000000000000000000000000000000000000000000000000000000000000000000000000000000003694600000000000000000000000000   310315                                          1                                                  000091
10213247845000128416070035008805076  44729                    0004472926                                   106300315PED78826380004472926          30031500000000468870411110 08000000000000000000000000000000000000000000000000000000000000000000000000000000000000004688700000000000000000000000000   310315                                         11                                                  000092
10213247845000128416070035008805076  44732                    0004473264                                   132310315PED36726380004473264          13041500000000352900414168801000000000000000000000000000000000000000000000000000000000000000000000000000000000000003529000000000000000000000000000   310315                                          1                                                  000093
10213247845000128416070035008805076  44735                    0004473590                                   106300315PED10192630004473590          30031500000000393471044135108000000000000000000000000000000000000000000000000000000000000000000000000000000000000003934700000000000000000000000000   310315                                         15                                                  000094
10213247845000128416070035008815055  44738                    0004473833          2014041630105001000003   306300315PED34426380004473833          30031500000000237620414168808000000000000000000000000000000000000000000000000000000000000000000000000000000000000002376200000000000000000000000000   310315                                         11                                                  000095
10213247845000128416070035008815055  44741                    0004474171          2014041630105001000003   306300315PED020976/0004474171          30031500000000212311044135108000000000000000000000000000000000000000000000000000000000000000000000000000000000000002123100000000000000000000000000   310315                                         15                                                  000096
10213247845000128416070035008805076  44744                    0004474414                                   106300315PED36726380004474414          06041500000000390450410109008000000000000000000000000000000000000000000000000000000000000000000000000000000000000003904500000000000000000000000000   310315                                         16                                                  000097
10213247845000128416070035008815055  44748                    0004474821          2014041630105001000003   306300315PED37526380004474821          30031500000000246691044135108000000000000000000000000000000000000000000000000000000000000000000000000000000000000002466900000000000000000000000000   310315                                         15                                                  000098
10213247845000128416070035008805076  44749                    0004474902                                   132310315PED37526380004474902          20041500000000335230414168801000000000000000000000000000000000000000000000000000000000000000000000000000000000000003352300000000000000000000000000   310315                                          1                                                  000099
10213247845000128416070035008805076  44750                    0004475089                                   132310315PED36726380004475089          06041500000000325340414168801000000000000000000000000000000000000000000000000000000000000000000000000000000000000003253400000000000000000000000000   310315                                          1                                                  000100
10213247845000128416070035008805076  44752                    0004475240                                   132310315PED34426380004475240          06041500000000334580414168801000000000000000000000000000000000000000000000000000000000000000000000000000000000000003345800000000000000000000000000   310315                                          1                                                  000101
10213247845000128416070035008805076  44754                    0004475402                                   106300315PED34426380004475402          30031500000000358691044135108000000000000000000000000000000000000000000000000000000000000000000000000000000000000003586900000000000000000000000000   310315                                         15                                                  000102
10213247845000128416070035008805076  44755                    0004475577                                   132310315PED40626380004475577          06041500000000362820414168801000000000000000000000000000000000000000000000000000000000000000000000000000000000000003628200000000000000000000000000   310315                                          1                                                  000103
10213247845000128416070035008815055  44774                    0004477480          2013041630105001000013   306300315PED37526380004477480          30031500000000197540334135108000000000000000000000000000000000000000000000000000000000000000000000000000000000000001975400000000000000000000000000   310315                                         17                                                  000104
10213247845000128416070035008805076  44777                    0004477715                                   132310315PED40626380004477715          07041500000000349260414168801000000000000000000000000000000000000000000000000000000000000000000000000000000000000003492600000000000000000000000000   310315                                          1                                                  000105
10213247845000128416070035008815055  44782                    0004478215          2013041630105001000013   306300315PED37526380004478215          31031500000000129210419480308000000000000000000000000000000000000000000000000000000000000000000000000000000000000001292100000000000000000000000000   310315                                         11                                                  000106
10213247845000128416070035008815055  44785                    0004478541          2013041630105001000013   306300315PED10192630004478541          30031500000000125600410109008000000000000000000000000000000000000000000000000000000000000000000000000000000000000001256000000000000000000000000000   310315                                         13                                                  000107
10213247845000128416070035008805076  44791                    0004479122                                   106300315PED40626380004479122          31031500000000480491044135108000000000000000000000000000000000000000000000000000000000000000000000000000000000000004804900000000000000000000000000   310315                                         15                                                  000108
10213247845000128416070035008805076  44792                    0004479203                                   106300315PED40626380004479203          31031500000000480491044135108000000000000000000000000000000000000000000000000000000000000000000000000000000000000004804900000000000000000000000000   310315                                         15                                                  000109
10213247845000128416070035008805076  44793                    0004479386                                   106300315PED40626380004479386          31031500000000480501044135108000000000000000000000000000000000000000000000000000000000000000000000000000000000000004805000000000000000000000000000   310315                                         15                                                  000110
10213247845000128416070035008805076  44796                    0004479610                                   106300315PED34426380004479610          29031500000000576027484135108000000000000000000000000000000000000000000000000000000000000000000000000000000000000005760200000000000000000000000000   310315                                         11                                                  000111
10213247845000128416070035008815055  44809                    0004480929          2014041630105001000003   306300315PED020995/0004480929          31031500000000227100410109008000000000000000000000000000000000000000000000000000000000000000000000000000000000000002271000000000000000000000000000   310315                                         13                                                  000112
10213247845000128416070035008805076  44816                    0004481674                                   106300315PED37526380004481674          06041500000000370841044135108000000000000000000000000000000000000000000000000000000000000000000000000000000000000003708400000000000000000000000000   310315                                         15                                                  000113
10213247845000128416070035008805076  44830                    0004483081                                   106300315PED78826390004483081          29031500000000398130411636508000000000000000000000000000000000000000000000000000000000000000000000000000000000000003981300000000000000000000000000   310315                                         11                                                  000114
10213247845000128416070035008815055  44833                    0004483324          2014041630105001000005   306300315PED10222630004483324          31031500000000150990410109008000000000000000000000000000000000000000000000000000000000000000000000000000000000000001509900000000000000000000000000   310315                                         16                                                  000115
10213247845000128416070035008805076  44839                    0004483995                                   132310315PED78826380004483995          14041500000000353430414168801000000000000000000000000000000000000000000000000000000000000000000000000000000000000003534300000000000000000000000000   310315                                          1                                                  000116
10213247845000128416070035008805076  44841                    0004484150                                   132310315PED78826380004484150          07041500000000315080414168801000000000000000000000000000000000000000000000000000000000000000000000000000000000000003150800000000000000000000000000   310315                                          1                                                  000117
10213247845000128416070035008815055  44854                    0004485483          2014041630105001000005   306300315PED36726380004485483          30031500000000132620410109008000000000000000000000000000000000000000000000000000000000000000000000000000000000000001326200000000000000000000000000   310315                                         11                                                  000118
10213247845000128416070035008805076  44855                    0004485556                                   106300315PED10192630004485556          31031500000000334381044135108000000000000000000000000000000000000000000000000000000000000000000000000000000000000003343800000000000000000000000000   310315                                         15                                                  000119
10213247845000128416070035008805076  44856                    0004485637                                   106300315PED10192630004485637          01041500000000244200410109008000000000000000000000000000000000000000000000000000000000000000000000000000000000000002442000000000000000000000000000   310315                                         16                                                  000120
10213247845000128416070035008805076  44862                    0004486218                                   132310315PED36726390004486218          07041500000000386930414168801000000000000000000000000000000000000000000000000000000000000000000000000000000000000003869300000000000000000000000000   310315                                          1                                                  000121
10213247845000128416070035008805076  44870                    0004487044                                   132310315PED36726390004487044          08041500000000344370414168801000000000000000000000000000000000000000000000000000000000000000000000000000000000000003443700000000000000000000000000   310315                                          1                                                  000122
10213247845000128416070035008805076  44871                    0004487125                                   132310315PED36726390004487125          15041500000000344370414168801000000000000000000000000000000000000000000000000000000000000000000000000000000000000003443700000000000000000000000000   310315                                          1                                                  000123
10213247845000128416070035008815055  44893                    0004489365          2014041630105001000005   306300315PED10192640004489365          01041500000000108170410109008000000000000000000000000000000000000000000000000000000000000000000000000000000000000001081700000000000000000000000000   310315                                         16                                                  000124
10213247845000128416070035008805076  44894                    0004489446                                   132310315PED37526390004489446          15041500000000334770414168801000000000000000000000000000000000000000000000000000000000000000000000000000000000000003347700000000000000000000000000   310315                                          1                                                  000125
10213247845000128416070035008805998                           0004489853                                   106300315          0004489853          28031500000000205280410109000000000000020000000000000000000000000000000000000000000000000000000000000000000000000002052800000000000000000000000000   310315                                         16                                                  000126
10213247845000128416070035008805998                           0004491084                                   106300315          0004491084          31031500000000215680410109000000000000020000000000000000000000000000000000000000000000000000000000000000000000000002156800000000000000000000000000   310315                                         16                                                  000127
10213247845000128416070035008805998                           0004492722                                   106300315          0004492722          02041500000000519151044135100000000000020000000000000000000000000000000000000000000000000000000000000000000000000005191500000000000000000000000000   310315                                         15                                                  000128
10213247845000128416070035008805998                           0004493303                                   106300315          0004493303          29031500000000190641044135100000000000020000000000000000000000000000000000000000000000000000000000000000000000000001906400000000000000000000000000   310315                                         15                                                  000129
10213247845000128416070035008805998                           0004493893                                   106300315          0004493893          01041500000000137001044135100000000000020000000000000000000000000000000000000000000000000000000000000000000000000001370000000000000000000000000000   310315                                         15                                                  000130
10213247845000128416070035008805998                           0004498011                                   106300315          0004498011          02041500000000101940414168800000000000020000000000000000000000000000000000000000000000000000000000000000000000000001019400000000000000000000000000   310315                                         11                                                  000131
10213247845000128416070035008805998                           0004498844                                   106300315          0004498844          30031500000000393900410109000000000000020000000000000000000000000000000000000000000000000000000000000000000000000003939000000000000000000000000000   310315                                         11                                                  000132
10213247845000128416070035008805998                           0004500156                                   106300315          0004500156          28031500000000125320410109000000000000020000000000000000000000000000000000000000000000000000000000000000000000000001253200000000000000000000000000   310315                                         11                                                  000133
10213247845000128416070035008805998                           0004500318                                   106300315          0004500318          01041500000000245262374135100000000000020000000000000000000000000000000000000000000000000000000000000000000000000002452600000000000000000000000000   310315                                         11                                                  000134
10213247845000128416070035008805998                           0004501225                                   106300315          0004501225          30031500000000107781044135100000000000020000000000000000000000000000000000000000000000000000000000000000000000000001077800000000000000000000000000   310315                                         15                                                  000135
10213247845000128416070035008805998                           0004503120                                   106300315          0004503120          30031500000000186671044135100000000000020000000000000000000000000000000000000000000000000000000000000000000000000001866700000000000000000000000000   310315                                         15                                                  000136
10213247845000128416070035008805998                           0004503384                                   106300315          0004503384          30031500000000181630417856500000000000020000000000000000000000000000000000000000000000000000000000000000000000000001816300000000000000000000000000   310315                                         11                                                  000137
10213247845000128416070035008805998                           0004507673                                   106300315          0004507673          02041500000000123930410109000000000000020000000000000000000000000000000000000000000000000000000000000000000000000001239300000000000000000000000000   310315                                         11                                                  000138
9201041          000004160000001697402400000000 00000000000000000000000000099000000003710207                                                                                                                                                                                                                                                                                                              000139
