02RETORNO01COBRANCA       416070035008        DISTRIBUIDORA DE ALIMENTOS BIL041BANRISUL       09041501600BPI                                                                                                                                                                                                                                                                                              000001
10213247845000128416070035008805076  45435                    0004543556                                    03090415PED10222650004543556          2104150000000059124041       000000000000000000000000000000000000000000000000000000000000000000000000000000000000000000000000000000000000000000000                                                                                          49          000002
10213247845000128416070035008805076  43332                    0004333268                                   115080415PED36726100004333268          23031500000000460970414168808000000000000000000000005700000000000000000000000000000000000000000000000000000000000004552700000000005520000000000000   090415                                         17                                                  000003
10213247845000128416070035008805076  43903                    0004390342                                   110090415PED78826200004390342          12031500000000821590414168808000000000000000000000060450000000000000000000000000000000000000000000000000000000000007611400000000000000000000000000   090415                                          7                                                  000004
10213247845000128416070035008815055  44152                    0004415272          2014041630105001000005   306080415PED37526250004415272          08041500000000135570014135108000000000000000000000000000000000000000000000000000000000000000000000000000000000000001355700000000000000000000000000   090415                                         13                                                  000005
10213247845000128416070035008815055  44153                    0004415353          2014041630105001000003   306080415PED37526250004415353          08041500000000244540410109008000000000000000000000000000000000000000000000000000000000000000000000000000000000000002445400000000000000000000000000   090415                                         17                                                  000006
10213247845000128416070035008815055  44166                    0004416678          2014041630105001000014   306080415PED78826250004416678          08041500000000105780410109008000000000000000000000000000000000000000000000000000000000000000000000000000000000000001057800000000000000000000000000   090415                                         16                                                  000007
10213247845000128416070035008805076  44167                    0004416759                                   106080415PED78826250004416759          08041500000000466440410109008000000000000000000000000000000000000000000000000000000000000000000000000000000000000004664400000000000000000000000000   090415                                         16                                                  000008
10213247845000128416070035008805076  44351                    0004435168                                   110090415PED10222620004435168          27031500000000288030417856508000000000000000000000056950000000000000000000000000000000000000000000000000000000000002310800000000000000000000000000   090415                                          7                                                  000009
10213247845000128416070035008815055  44384                    0004438469          2014041630105001000003   306080415PED36726310004438469          06041500000000297880410109008000000000000000000000000000000000000000000000000000000000000000000000000000000000000002978800000000001780000000000000   090415                                         16                                                  000010
10213247845000128416070035008815055  44414                    0004441419          2013041630105001000013   306080415PED40626310004441419          06041500000000318390410109008000000000000000000000000000000000000000000000000000000000000000000000000000000000000003183900000000001920000000000000   090415                                         16                                                  000011
10213247845000128416070035008805076  44504                    0004450493                                   106080415PED34426320004450493          08041500000000742820014135108000000000000000000000000000000000000000000000000000000000000000000000000000000000000007428200000000000000000000000000   090415                                         13                                                  000012
10213247845000128416070035008815055  44506                    0004450647          2014041630105001000003   306080415PED10192630004450647          08041500000000231660410109008000000000000000000000000000000000000000000000000000000000000000000000000000000000000002316600000000000000000000000000   090415                                         16                                                  000013
10213247845000128416070035008815055  44522                    0004452216          2014041630105001000003   306080415PED40626320004452216          08041500000000302820414168808000000000000000000000000000000000000000000000000000000000000000000000000000000000000003028200000000000000000000000000   090415                                         11                                                  000014
10213247845000128416070035008805076  44532                    0004453204                                   106080415PED78826320004453204          08041500000000720000410109008000000000000000000000000000000000000000000000000000000000000000000000000000000000000007200000000000000000000000000000   090415                                         16                                                  000015
10213247845000128416070035008815055  44548                    0004454863          2014041630105001000003   306080415PED36726330004454863          08041500000000387340334135108000000000000000000000000000000000000000000000000000000000000000000000000000000000000003873400000000000000000000000000   090415                                         12                                                  000016
10213247845000128416070035008805076  44550                    0004455029                                   106080415PED34426330004455029          08041500000000560162374135108000000000000000000000000000000000000000000000000000000000000000000000000000000000000005601600000000000000000000000000   090415                                         15                                                  000017
10213247845000128416070035008815055  44556                    0004455606          2014041630105001000003   306080415PED40626320004455606          08041500000000242080410109008000000000000000000000000000000000000000000000000000000000000000000000000000000000000002420800000000000000000000000000   090415                                         16                                                  000018
10213247845000128416070035008815055  44583                    0004458338          2013041630105001000013   306080415PED37526330004458338          08041500000000181520014135108000000000000000000000000000000000000000000000000000000000000000000000000000000000000001815200000000000000000000000000   090415                                         13                                                  000019
10213247845000128416070035008805076  44594                    0004459407                                   106080415PED40626330004459407          08041500000000806300410109008000000000000000000000000000000000000000000000000000000000000000000000000000000000000008063000000000000000000000000000   090415                                         13                                                  000020
10213247845000128416070035008805076  44596                    0004459652                                   115080415PED40626330004459652          25031500000000126690419407208000000000000000000000005700000000000000000000000000000000000000000000000000000000000001209900000000001900000000000000   090415                                         17                                                  000021
10213247845000128416070035008815055  44597                    0004459733          2014041630105001000005   306080415PED37526330004459733          08041500000000125000014135108000000000000000000000000000000000000000000000000000000000000000000000000000000000000001250000000000000000000000000000   090415                                         13                                                  000022
10213247845000128416070035008805076  44598                    0004459814                                   106080415PED78826330004459814          09041500000000475143414135108000000000000000000000000000000000000000000000000000000000000000000000000000000000000004751400000000000000000000000000   090415                                         12                                                  000023
10213247845000128416070035008815055  44613                    0004461398          2014041630105001000003   306080415PED020881/0004461398          08041500000000271591044135108000000000000000000000000000000000000000000000000000000000000000000000000000000000000002715900000000000000000000000000   090415                                         15                                                  000024
10213247845000128416070035008815055  44640                    0004464028          2014041630105001000003   321090415PED36726330004464028          02041500000000244820417914608000000000000000000000000000000000000000000000000000000000000000000000000000000000000000000000000000000000000000000000                                                                                                      000025
10213247845000128416070035008805076  44647                    0004464761                                   132090415PED10192630004464761          15041500000000473430414168801000000000000000000000000000000000000000000000000000000000000000000000000000000000000004734300000000000000000000000000   090415                                          1                                                  000026
10213247845000128416070035008815055  44696                    0004469631          2014041630105001000005   323080415PED10222630004469631          03041500000000419350417856508000000000000000000000000000000000000000000000000000000000000000000000000000000000000000000000000000000000000000000000                                                                                                      000027
10213247845000128416070035008805076  44700                    0004470036                                   110090415PED10212630004470036          23031500000000162010417856508000000000000000000000053450000000000000000000000000000000000000000000000000000000000001085600000000000000000000000000   090415                                          7                                                  000028
10213247845000128416070035008815055  44714                    0004471458          2014041630105001000005   306080415PED40626380004471458          06041500000000297700410109008000000000000000000000000000000000000000000000000000000000000000000000000000000000000002977000000000001780000000000000   090415                                         16                                                  000029
10213247845000128416070035008815055  44736                    0004473671          2014041630105001000003   306080415PED40626380004473671          06041500000000217420410109008000000000000000000000000000000000000000000000000000000000000000000000000000000000000002174200000000001300000000000000   090415                                         13                                                  000030
10213247845000128416070035008805076  44799                    0004479955                                   106080415PED020997/0004479955          07041500000000608380410109008000000000000000000000000000000000000000000000000000000000000000000000000000000000000006083800000000001830000000000000   090415                                         13                                                  000031
10213247845000128416070035008815055  44843                    0004484312          2014041630105001000005   306080415PED10222630004484312          08041500000000301380412329908000000000000000000000000000000000000000000000000000000000000000000000000000000000000003013800000000000000000000000000   090415                                         11                                                  000032
10213247845000128416070035008815055  44846                    0004484649          2014041630105001000003   306080415PED10222630004484649          08041500000000186300410109008000000000000000000000000000000000000000000000000000000000000000000000000000000000000001863000000000000000000000000000   090415                                         16                                                  000033
10213247845000128416070035008805076  44864                    0004486471                                   106080415PED36726390004486471          08041500000000493952374135108000000000000000000000000000000000000000000000000000000000000000000000000000000000000004939500000000000000000000000000   090415                                         15                                                  000034
10213247845000128416070035008815055  44872                    0004487206          2013041630105001000013   306080415PED78826390004487206          08041500000000214440410109008000000000000000000000000000000000000000000000000000000000000000000000000000000000000002144400000000000000000000000000   090415                                         16                                                  000035
10213247845000128416070035008815055  44873                    0004487389          2014041630105001000005   306080415PED78826390004487389          08041500000000117721044135108000000000000000000000000000000000000000000000000000000000000000000000000000000000000001177200000000000000000000000000   090415                                         15                                                  000036
10213247845000128416070035008815055  44875                    0004487532          2014041630105001000003   306080415PED36726390004487532          08041500000000184652374135108000000000000000000000000000000000000000000000000000000000000000000000000000000000000001846500000000000000000000000000   090415                                         15                                                  000037
10213247845000128416070035008815055  44881                    0004488113          2014041630105001000003   306080415PED10192630004488113          08041500000000157390410109008000000000000000000000000000000000000000000000000000000000000000000000000000000000000001573900000000000000000000000000   090415                                         16                                                  000038
10213247845000128416070035008815055  44885                    0004488520          2014041630105001000003   306080415PED10192630004488520          08041500000000232450410109008000000000000000000000000000000000000000000000000000000000000000000000000000000000000002324500000000000000000000000000   090415                                         16                                                  000039
10213247845000128416070035008805076  44887                    0004488784                                   132090415PED34426400004488784          15041500000000476400414168801000000000000000000000000000000000000000000000000000000000000000000000000000000000000004764000000000000000000000000000   090415                                          1                                                  000040
10213247845000128416070035008815055  44889                    0004488946          2014041630105001000003   306080415PED10192640004488946          08041500000000415830334135108000000000000000000000000000000000000000000000000000000000000000000000000000000000000004158300000000000000000000000000   090415                                         11                                                  000041
10213247845000128416070035008805998                           0004490096                                   106080415          0004490096          08041500000000365040014135100000000000020000000000000000000000000000000000000000000000000000000000000000000000000003650400000000000000000000000000   090415                                         11                                                  000042
10213247845000128416070035008805998                           0004492072                                   106080415          0004492072          08041500000000149990014135100000000000020000000000000000000000000000000000000000000000000000000000000000000000000001499900000000000000000000000000   090415                                         13                                                  000043
10213247845000128416070035008805998                           0004499506                                   106080415          0004499506          03041500000000202720414168800000000000020000000000000000000000000000000000000000000000000000000000000000000000000002027200000000003050000000000000   090415                                         11                                                  000044
10213247845000128416070035008805998                           0004499670                                   106080415          0004499670          08041500000000101170410109000000000000020000000000000000000000000000000000000000000000000000000000000000000000000001011700000000000000000000000000   090415                                         16                                                  000045
10213247845000128416070035008805998                           0004505107                                   106080415          0004505107          06041500000000222390414168800000000000020000000000000000000000000000000000000000000000000000000000000000000000000002223900000000001340000000000000   090415                                         11                                                  000046
10213247845000128416070035008815055  45110                    0004511042          2013041630105001000013   306080415PED34426390004511042          07041500000000284920411974708000000000000000000000000000000000000000000000000000000000000000000000000000000000000002849200000000000850000000000000   090415                                         11                                                  000047
10213247845000128416070035008805998                           0004516664                                   106080415          0004516664          07041500000000142010411974700000000000020000000000000000000000000000000000000000000000000000000000000000000000000001420100000000000000000000000000   090415                                         11                                                  000048
10213247845000128416070035008805998                           0004517407                                   106080415          0004517407          06041500000000244410411974700000000000020000000000000000000000000000000000000000000000000000000000000000000000000002444100000000001460000000000000   090415                                         11                                                  000049
10213247845000128416070035008805998                           0004519485                                   106080415          0004519485          08041500000000434510410109000000000000020000000000000000000000000000000000000000000000000000000000000000000000000004345100000000000000000000000000   090415                                         16                                                  000050
10213247845000128416070035008805998                           0004520033                                   106080415          0004520033          08041500000000152761044135100000000000020000000000000000000000000000000000000000000000000000000000000000000000000001527600000000000000000000000000   090415                                         13                                                  000051
10213247845000128416070035008805998                           0004520866                                   106080415          0004520866          08041500000000190020410109000000000000020000000000000000000000000000000000000000000000000000000000000000000000000001900200000000000000000000000000   090415                                         16                                                  000052
10213247845000128416070035008805998                           0004521021                                   106080415          0004521021          08041500000000296301044135100000000000020000000000000000000000000000000000000000000000000000000000000000000000000002963000000000000000000000000000   090415                                         15                                                  000053
10213247845000128416070035008805998                           0004522354                                   106080415          0004522354          08041500000000102601044135100000000000020000000000000000000000000000000000000000000000000000000000000000000000000001026000000000000000000000000000   090415                                         15                                                  000054
10213247845000128416070035008805998                           0004523008                                   106080415          0004523008          08041500000000121242374135100000000000020000000000000000000000000000000000000000000000000000000000000000000000000001212400000000000000000000000000   090415                                         15                                                  000055
10213247845000128416070035008805998                           0004523768                                   106080415          0004523768          08041500000000177311044135100000000000020000000000000000000000000000000000000000000000000000000000000000000000000001773100000000000000000000000000   090415                                         11                                                  000056
10213247845000128416070035008805998                           0004523830                                   106080415          0004523830          08041500000000196410410109000000000000020000000000000000000000000000000000000000000000000000000000000000000000000001964100000000000000000000000000   090415                                         16                                                  000057
10213247845000128416070035008805998                           0004524411                                   106080415          0004524411          08041500000000118841044135100000000000020000000000000000000000000000000000000000000000000000000000000000000000000001188400000000000000000000000000   090415                                         15                                                  000058
10213247845000128416070035008805076  45248                    0004524829                                   106080415PED40626470004524829          08041500000000872583414135108000000000000000000000000000000000000000000000000000000000000000000000000000000000000008725800000000000000000000000000   090415                                         17                                                  000059
10213247845000128416070035008805076  45265                    0004526562                                   106080415PED10192640004526562          08041500000000139900410109008000000000000000000000000000000000000000000000000000000000000000000000000000000000000001399000000000000000000000000000   090415                                         16                                                  000060
10213247845000128416070035008815055  45294                    0004529464          2014041630105001000014   306080415PED37526480004529464          09041500000000130002374135108000000000000000000000000000000000000000000000000000000000000000000000000000000000000001300000000000000000000000000000   090415                                         15                                                  000061
10213247845000128416070035008805076  45297                    0004529790                                   106080415PED37526470004529790          08041500000000220007484135108000000000000000000000000000000000000000000000000000000000000000000000000000000000000002200000000000000000000000000000   090415                                         11                                                  000062
10213247845000128416070035008805076  45306                    0004530683                                   106080415PED10192640004530683          08041500000000150640410109008000000000000000000000000000000000000000000000000000000000000000000000000000000000000001506400000000000000000000000000   090415                                         16                                                  000063
10213247845000128416070035008815055  45312                    0004531264          2014041630105001000014   306080415PED10192640004531264          09041500000000164461044135108000000000000000000000000000000000000000000000000000000000000000000000000000000000000001644600000000000000000000000000   090415                                         15                                                  000064
10213247845000128416070035008805076  45330                    0004533089                                   132090415PED021229/0004533089          20041500000000104170414168801000000000000000000000000000000000000000000000000000000000000000000000000000000000000001041700000000000000000000000000   090415                                          1                                                  000065
10213247845000128416070035008805076  45331                    0004533178                                   132090415PED021234/0004533178          04051500000000378840414168801000000000000000000000000000000000000000000000000000000000000000000000000000000000000003788400000000000000000000000000   090415                                          1                                                  000066
10213247845000128416070035008805076  45333                    0004533321                                   132090415PED10192650004533321          13041500000000352000414168801000000000000000000000000000000000000000000000000000000000000000000000000000000000000003520000000000000000000000000000   090415                                          1                                                  000067
10213247845000128416070035008805076  45339                    0004533992                                   106080415PED021238/0004533992          13041500000000670860410109008000000000000000000000000000000000000000000000000000000000000000000000000000000000000006708600000000000000000000000000   090415                                         13                                                  000068
10213247845000128416070035008805076  45354                    0004535480                                   132090415PED021242/0004535480          16041500000000214230414168801000000000000000000000000000000000000000000000000000000000000000000000000000000000000002142300000000000000000000000000   090415                                          1                                                  000069
10213247845000128416070035008805076  45355                    0004535553                                   132090415PED34426520004535553          04051500000000369870414168801000000000000000000000000000000000000000000000000000000000000000000000000000000000000003698700000000000000000000000000   090415                                          1                                                  000070
10213247845000128416070035008805076  45358                    0004535898                                   132090415PED36726520004535898          13041500000000194930414168801000000000000000000000000000000000000000000000000000000000000000000000000000000000000001949300000000000000000000000000   090415                                          1                                                  000071
10213247845000128416070035008805076  45360                    0004536053                                   132090415PED37526520004536053          13041500000000188100414168801000000000000000000000000000000000000000000000000000000000000000000000000000000000000001881000000000000000000000000000   090415                                          1                                                  000072
10213247845000128416070035008805076  45361                    0004536134                                   132090415PED34426520004536134          20041500000000231980414168801000000000000000000000000000000000000000000000000000000000000000000000000000000000000002319800000000000000000000000000   090415                                          1                                                  000073
10213247845000128416070035008805076  45362                    0004536215                                   132090415PED34426520004536215          13041500000000171340414168801000000000000000000000000000000000000000000000000000000000000000000000000000000000000001713400000000000000000000000000   090415                                          1                                                  000074
10213247845000128416070035008805076  45364                    0004536479                                   132090415PED021221/0004536479          27041500000000160380414168801000000000000000000000000000000000000000000000000000000000000000000000000000000000000001603800000000000000000000000000   090415                                          1                                                  000075
10213247845000128416070035008805076  45367                    0004536703                                   132090415PED34426520004536703          13041500000000360360414168801000000000000000000000000000000000000000000000000000000000000000000000000000000000000003603600000000000000000000000000   090415                                          1                                                  000076
10213247845000128416070035008805076  45368                    0004536886                                   132090415PED34426520004536886          04051500000000087110414168801000000000000000000000000000000000000000000000000000000000000000000000000000000000000000871100000000000000000000000000   090415                                          1                                                  000077
10213247845000128416070035008805076  45369                    0004536967                                   132090415PED37526520004536967          20041500000000107420414168801000000000000000000000000000000000000000000000000000000000000000000000000000000000000001074200000000000000000000000000   090415                                          1                                                  000078
10213247845000128416070035008805076  45370                    0004537041                                   132090415PED40626520004537041          27041500000000356040414168801000000000000000000000000000000000000000000000000000000000000000000000000000000000000003560400000000000000000000000000   090415                                          1                                                  000079
10213247845000128416070035008805076  45371                    0004537122                                   102090415PED021255/0004537122          27041500000000056880414168808000000000020000000000000000000000000000000000000000000000000000000000000000000000000000000000000000000000000000000000                                                                                                      000080
10213247845000128416070035008805076  45372                    0004537203                                   132090415PED40626520004537203          20041500000000299100414168801000000000000000000000000000000000000000000000000000000000000000000000000000000000000002991000000000000000000000000000   090415                                          1                                                  000081
10213247845000128416070035008805076  45374                    0004537467                                   102090415PED37526520004537467          20041500000000164630411974708000000000020000000000000000000000000000000000000000000000000000000000000000000000000000000000000000000000000000000000                                                                                                      000082
10213247845000128416070035008805076  45379                    0004537955                                   102090415PED37526520004537955          21041500000000277910414168808000000000020000000000000000000000000000000000000000000000000000000000000000000000000000000000000000000000000000000000                                                                                                      000083
10213247845000128416070035008805076  45380                    0004538048                                   102090415PED37526520004538048          14041500000000464110411974708000000000020000000000000000000000000000000000000000000000000000000000000000000000000000000000000000000000000000000000                                                                                                      000084
10213247845000128416070035008805076  45386                    0004538609                                   102090415PED34426530004538609          05051500000000509440414168808000000000020000000000000000000000000000000000000000000000000000000000000000000000000000000000000000000000000000000000                                                                                                      000085
10213247845000128416070035008805076  45392                    0004539281                                   132090415PED37526530004539281          14041500000000100660414168801000000000000000000000000000000000000000000000000000000000000000000000000000000000000001006600000000000000000000000000   090415                                          1                                                  000086
10213247845000128416070035008805076  45393                    0004539362                                   102090415PED37526520004539362          21041500000000262220412329908000000000020000000000000000000000000000000000000000000000000000000000000000000000000000000000000000000000000000000000                                                                                                      000087
10213247845000128416070035008805076  45394                    0004539443                                   132090415PED34426520004539443          12041500000000189960414168801000000000000000000000000000000000000000000000000000000000000000000000000000000000000001899600000000000000000000000000   090415                                          1                                                  000088
10213247845000128416070035008805076  45407                    0004540743                                   132090415PED78826530004540743          12041500000000382590414168801000000000000000000000000000000000000000000000000000000000000000000000000000000000000003825900000000000000000000000000   090415                                          1                                                  000089
10213247845000128416070035008805076  45410                    0004541081                                   132090415PED36726530004541081          28041500000000184500414168801000000000000000000000000000000000000000000000000000000000000000000000000000000000000001845000000000000000000000000000   090415                                          1                                                  000090
10213247845000128416070035008805076  45415                    0004541588                                   102090415PED40626520004541588          13041500000000508290414168808000000000020000000000000000000000000000000000000000000000000000000000000000000000000000000000000000000000000000000000                                                                                                      000091
10213247845000128416070035008805076  45416                    0004541650                                   102090415PED10222650004541650          21041500000000212100415496808000000000020000000000000000000000000000000000000000000000000000000000000000000000000000000000000000000000000000000000                                                                                                      000092
10213247845000128416070035008805076  45417                    0004541731                                   102090415PED10222650004541731          20041500000000156020415496808000000000020000000000000000000000000000000000000000000000000000000000000000000000000000000000000000000000000000000000                                                                                                      000093
10213247845000128416070035008805076  45418                    0004541812                                   102090415PED10222650004541812          21041500000000311090415496808000000000020000000000000000000000000000000000000000000000000000000000000000000000000000000000000000000000000000000000                                                                                                      000094
10213247845000128416070035008805076  45419                    0004541995                                   102090415PED10222650004541995          21041500000000175620415496808000000000020000000000000000000000000000000000000000000000000000000000000000000000000000000000000000000000000000000000                                                                                                      000095
10213247845000128416070035008805076  45420                    0004542088                                   102090415PED34426530004542088          17041500000000216030411974708000000000020000000000000000000000000000000000000000000000000000000000000000000000000000000000000000000000000000000000                                                                                                      000096
10213247845000128416070035008805076  45421                    0004542150                                   102090415PED34426530004542150          12041500000000105600411974708000000000020000000000000000000000000000000000000000000000000000000000000000000000000000000000000000000000000000000000                                                                                                      000097
10213247845000128416070035008805076  45422                    0004542231                                   132090415PED021271/0004542231          21041500000000249180414168801000000000000000000000000000000000000000000000000000000000000000000000000000000000000002491800000000000000000000000000   090415                                          1                                                  000098
10213247845000128416070035008805076  45423                    0004542312                                   102090415PED40626530004542312          28041500000001168690414168808000000000020000000000000000000000000000000000000000000000000000000000000000000000000000000000000000000000000000000000                                                                                                      000099
10213247845000128416070035008805076  45424                    0004542495                                   102090415PED10222650004542495          10041500000000096850412329908000000000020000000000000000000000000000000000000000000000000000000000000000000000000000000000000000000000000000000000                                                                                                      000100
10213247845000128416070035008805076  45427                    0004542738                                   102090415PED10222650004542738          10041500000000126840412329908000000000020000000000000000000000000000000000000000000000000000000000000000000000000000000000000000000000000000000000                                                                                                      000101
10213247845000128416070035008805076  45428                    0004542800                                   102090415PED78826520004542800          21041500000000112490412907608000000000020000000000000000000000000000000000000000000000000000000000000000000000000000000000000000000000000000000000                                                                                                      000102
10213247845000128416070035008805076  45430                    0004543068                                   102090415PED78826520004543068          12041500000000211440416106908000000000020000000000000000000000000000000000000000000000000000000000000000000000000000000000000000000000000000000000                                                                                                      000103
10213247845000128416070035008805076  45431                    0004543149                                   102090415PED78826530004543149          21041500000000371060416106908000000000020000000000000000000000000000000000000000000000000000000000000000000000000000000000000000000000000000000000                                                                                                      000104
10213247845000128416070035008805076  45432                    0004543238                                   102090415PED10222650004543238          21041500000000098670415496808000000000020000000000000000000000000000000000000000000000000000000000000000000000000000000000000000000000000000000000                                                                                                      000105
10213247845000128416070035008805076  45433                    0004543300                                   102090415PED10222650004543300          21041500000000343470415496808000000000020000000000000000000000000000000000000000000000000000000000000000000000000000000000000000000000000000000000                                                                                                      000106
10213247845000128416070035008805076  45434                    0004543483                                   102090415PED10222650004543483          21041500000000213900415496808000000000020000000000000000000000000000000000000000000000000000000000000000000000000000000000000000000000000000000000                                                                                                      000107
10213247845000128416070035008805076  45436                    0004543637                                   102090415PED10222650004543637          21041500000000119140415496808000000000020000000000000000000000000000000000000000000000000000000000000000000000000000000000000000000000000000000000                                                                                                      000108
10213247845000128416070035008805076  45438                    0004543890                                   102090415PED10222650004543890          14041500000000692730412329908000000000020000000000000000000000000000000000000000000000000000000000000000000000000000000000000000000000000000000000                                                                                                      000109
10213247845000128416070035008805076  45439                    0004543971                                   102090415PED40626530004543971          21041500000000191060414168808000000000020000000000000000000000000000000000000000000000000000000000000000000000000000000000000000000000000000000000                                                                                                      000110
10213247845000128416070035008805076  45440                    0004544056                                   102090415PED36726530004544056          21041500000000194910414168808000000000020000000000000000000000000000000000000000000000000000000000000000000000000000000000000000000000000000000000                                                                                                      000111
10213247845000128416070035008805076  45441                    0004544137                                   102090415PED78826530004544137          05051500000000965960411636508000000000020000000000000000000000000000000000000000000000000000000000000000000000000000000000000000000000000000000000                                                                                                      000112
10213247845000128416070035008805076  45442                    0004544218                                   102090415PED34426530004544218          28041500000000223260411636508000000000020000000000000000000000000000000000000000000000000000000000000000000000000000000000000000000000000000000000                                                                                                      000113
10213247845000128416070035008805076  45443                    0004544390                                   132090415PED10192650004544390          14041500000000165680414168801000000000000000000000000000000000000000000000000000000000000000000000000000000000000001656800000000000000000000000000   090415                                          1                                                  000114
10213247845000128416070035008805076  45445                    0004544544                                   102090415PED78826530004544544          21041500000000194050412907608000000000020000000000000000000000000000000000000000000000000000000000000000000000000000000000000000000000000000000000                                                                                                      000115
10213247845000128416070035008805076  45446                    0004544625                                   102090415PED78826530004544625          14041500000000124320411636508000000000020000000000000000000000000000000000000000000000000000000000000000000000000000000000000000000000000000000000                                                                                                      000116
10213247845000128416070035008805076  45447                    0004544706                                   102090415PED021275/0004544706          28041500000000390160414168808000000000020000000000000000000000000000000000000000000000000000000000000000000000000000000000000000000000000000000000                                                                                                      000117
10213247845000128416070035008805076  45448                    0004544889                                   102090415PED10222650004544889          10041500000000231840412329908000000000020000000000000000000000000000000000000000000000000000000000000000000000000000000000000000000000000000000000                                                                                                      000118
10213247845000128416070035008805076  45451                    0004545125                                   102090415PED78826520004545125          29041500000000239420416106908000000000020000000000000000000000000000000000000000000000000000000000000000000000000000000000000000000000000000000000                                                                                                      000119
10213247845000128416070035008805076  45452                    0004545206                                   102090415PED10212650004545206          22041500000000192570416106908000000000020000000000000000000000000000000000000000000000000000000000000000000000000000000000000000000000000000000000                                                                                                      000120
10213247845000128416070035008805076  45453                    0004545389                                   102090415PED10222650004545389          15041500000000250970412329908000000000020000000000000000000000000000000000000000000000000000000000000000000000000000000000000000000000000000000000                                                                                                      000121
10213247845000128416070035008805076  45454                    0004545478                                   102090415PED10222650004545478          22041500000000132830412329908000000000020000000000000000000000000000000000000000000000000000000000000000000000000000000000000000000000000000000000                                                                                                      000122
10213247845000128416070035008805076  45455                    0004545532                                   102090415PED34426530004545532          22041500000000275130411636508000000000020000000000000000000000000000000000000000000000000000000000000000000000000000000000000000000000000000000000                                                                                                      000123
10213247845000128416070035008805076  45456                    0004545613                                   102090415PED78826530004545613          29041500000000233710412907608000000000020000000000000000000000000000000000000000000000000000000000000000000000000000000000000000000000000000000000                                                                                                      000124
10213247845000128416070035008805076  45457                    0004545796                                   102090415PED78826530004545796          22041500000000330750412907608000000000020000000000000000000000000000000000000000000000000000000000000000000000000000000000000000000000000000000000                                                                                                      000125
10213247845000128416070035008805076  45458                    0004545877                                   102090415PED40626530004545877          22041500000000185870414168808000000000020000000000000000000000000000000000000000000000000000000000000000000000000000000000000000000000000000000000                                                                                                      000126
10213247845000128416070035008805076  45459                    0004545958                                   102090415PED36726530004545958          22041500000000368820414168808000000000020000000000000000000000000000000000000000000000000000000000000000000000000000000000000000000000000000000000                                                                                                      000127
10213247845000128416070035008805076  45460                    0004546032                                   102090415PED37526520004546032          15041500000000344660417914608000000000020000000000000000000000000000000000000000000000000000000000000000000000000000000000000000000000000000000000                                                                                                      000128
10213247845000128416070035008805076  45461                    0004546113                                   102090415PED40626540004546113          06051500000000372900414168808000000000020000000000000000000000000000000000000000000000000000000000000000000000000000000000000000000000000000000000                                                                                                      000129
10213247845000128416070035008805076  45462                    0004546296                                   102090415PED36726530004546296          21041500000000275700414168808000000000020000000000000000000000000000000000000000000000000000000000000000000000000000000000000000000000000000000000                                                                                                      000130
10213247845000128416070035008805076  45463                    0004546377                                   102090415PED10192650004546377          15041500000000118190414168808000000000020000000000000000000000000000000000000000000000000000000000000000000000000000000000000000000000000000000000                                                                                                      000131
10213247845000128416070035008805076  45464                    0004546458                                   102090415PED37526530004546458          21041500000000384200414168808000000000020000000000000000000000000000000000000000000000000000000000000000000000000000000000000000000000000000000000                                                                                                      000132
10213247845000128416070035008805076  45465                    0004546520                                   102090415PED10192650004546520          15041500000000246890414168808000000000020000000000000000000000000000000000000000000000000000000000000000000000000000000000000000000000000000000000                                                                                                      000133
10213247845000128416070035008805076  45466                    0004546601                                   102090415PED10212650004546601          11041500000000259510412907608000000000020000000000000000000000000000000000000000000000000000000000000000000000000000000000000000000000000000000000                                                                                                      000134
10213247845000128416070035008805076  45469                    0004546946                                   102090415PED021262/0004546946          14041500000000405040411636508000000000020000000000000000000000000000000000000000000000000000000000000000000000000000000000000000000000000000000000                                                                                                      000135
10213247845000128416070035008805076  45471                    0004547101                                   102090415PED36726530004547101          29041500000000438480417914608000000000020000000000000000000000000000000000000000000000000000000000000000000000000000000000000000000000000000000000                                                                                                      000136
10213247845000128416070035008805076  45472                    0004547284                                   102090415PED10212650004547284          22041500000000487390414101708000000000020000000000000000000000000000000000000000000000000000000000000000000000000000000000000000000000000000000000                                                                                                      000137
10213247845000128416070035008805076  45473                    0004547365                                   102090415PED34426530004547365          29041500000000611560412907608000000000020000000000000000000000000000000000000000000000000000000000000000000000000000000000000000000000000000000000                                                                                                      000138
10213247845000128416070035008805076  45474                    0004547446                                   102090415PED34426530004547446          15041500000000253730411636508000000000020000000000000000000000000000000000000000000000000000000000000000000000000000000000000000000000000000000000                                                                                                      000139
10213247845000128416070035008805076  45475                    0004547519                                   102090415PED10192650004547519          29041500000000183860414168808000000000020000000000000000000000000000000000000000000000000000000000000000000000000000000000000000000000000000000000                                                                                                      000140
10213247845000128416070035008805076  45476                    0004547691                                   102090415PED021293/0004547691          15041500000000246520414168808000000000020000000000000000000000000000000000000000000000000000000000000000000000000000000000000000000000000000000000                                                                                                      000141
10213247845000128416070035008805076  45477                    0004547772                                   102090415PED37526530004547772          21041500000000101350417914608000000000020000000000000000000000000000000000000000000000000000000000000000000000000000000000000000000000000000000000                                                                                                      000142
10213247845000128416070035008805076  45478                    0004547853                                   102090415PED37526530004547853          29041500000001196180419407208000000000020000000000000000000000000000000000000000000000000000000000000000000000000000000000000000000000000000000000                                                                                                      000143
10213247845000128416070035008805076  45479                    0004547934                                   102090415PED37526530004547934          22041500000000313080419407208000000000020000000000000000000000000000000000000000000000000000000000000000000000000000000000000000000000000000000000                                                                                                      000144
10213247845000128416070035008805076  45480                    0004548019                                   102090415PED37526530004548019          29041500000000225000419407208000000000020000000000000000000000000000000000000000000000000000000000000000000000000000000000000000000000000000000000                                                                                                      000145
10213247845000128416070035008805076  45481                    0004548191                                   102090415PED37526530004548191          21041500000000138500419407208000000000020000000000000000000000000000000000000000000000000000000000000000000000000000000000000000000000000000000000                                                                                                      000146
10213247845000128416070035008805076  45484                    0004548434                                   102090415PED36726540004548434          29041500000000296590416700808000000000020000000000000000000000000000000000000000000000000000000000000000000000000000000000000000000000000000000000                                                                                                      000147
10213247845000128416070035008805076  45485                    0004548507                                   102090415PED36726530004548507          29041500000000437730417914608000000000020000000000000000000000000000000000000000000000000000000000000000000000000000000000000000000000000000000000                                                                                                      000148
10213247845000128416070035008805076  45487                    0004548760                                   102090415PED78826530004548760          06051500000000117260414168808000000000020000000000000000000000000000000000000000000000000000000000000000000000000000000000000000000000000000000000                                                                                                      000149
10213247845000128416070035008805076  45488                    0004548841                                   102090415PED78826530004548841          28041500000000111580414168808000000000020000000000000000000000000000000000000000000000000000000000000000000000000000000000000000000000000000000000                                                                                                      000150
10213247845000128416070035008805076  45489                    0004548922                                   102090415PED40626540004548922          22041500000000179460414168808000000000020000000000000000000000000000000000000000000000000000000000000000000000000000000000000000000000000000000000                                                                                                      000151
10213247845000128416070035008805076  45490                    0004549007                                   102090415PED10192650004549007          22041500000000906770414168808000000000020000000000000000000000000000000000000000000000000000000000000000000000000000000000000000000000000000000000                                                                                                      000152
10213247845000128416070035008805076  45491                    0004549198                                   102090415PED78826530004549198          14041500000000366250414168808000000000020000000000000000000000000000000000000000000000000000000000000000000000000000000000000000000000000000000000                                                                                                      000153
10213247845000128416070035008805076  45493                    0004549341                                   102090415PED10192650004549341          21041500000000464980414168808000000000020000000000000000000000000000000000000000000000000000000000000000000000000000000000000000000000000000000000                                                                                                      000154
10213247845000128416070035008805076  45494                    0004549422                                   102090415PED10192650004549422          22041500000000102400414168808000000000020000000000000000000000000000000000000000000000000000000000000000000000000000000000000000000000000000000000                                                                                                      000155
10213247845000128416070035008805076  45495                    0004549597                                   102090415PED10192650004549597          22041500000000213010414168808000000000020000000000000000000000000000000000000000000000000000000000000000000000000000000000000000000000000000000000                                                                                                      000156
10213247845000128416070035008805076  45496                    0004549678                                   102090415PED10212650004549678          11041500000000322770412907608000000000020000000000000000000000000000000000000000000000000000000000000000000000000000000000000000000000000000000000                                                                                                      000157
10213247845000128416070035008805076  45497                    0004549759                                   102090415PED10212650004549759          15041500000000383430412907608000000000020000000000000000000000000000000000000000000000000000000000000000000000000000000000000000000000000000000000                                                                                                      000158
10213247845000128416070035008805076  45498                    0004549848                                   102090415PED10212650004549848          14041500000000083070412907608000000000020000000000000000000000000000000000000000000000000000000000000000000000000000000000000000000000000000000000                                                                                                      000159
10213247845000128416070035008805076  45499                    0004549910                                   102090415PED10212650004549910          11041500000000112400412907608000000000020000000000000000000000000000000000000000000000000000000000000000000000000000000000000000000000000000000000                                                                                                      000160
10213247845000128416070035008805076  45500                    0004550064                                   102090415PED36726530004550064          22041500000000692650417914608000000000020000000000000000000000000000000000000000000000000000000000000000000000000000000000000000000000000000000000                                                                                                      000161
10213247845000128416070035008805076  45501                    0004550145                                   102090415PED36726530004550145          22041500000000252240417914608000000000020000000000000000000000000000000000000000000000000000000000000000000000000000000000000000000000000000000000                                                                                                      000162
10213247845000128416070035008805076  45502                    0004550226                                   102090415PED36726530004550226          15041500000000311740411636508000000000020000000000000000000000000000000000000000000000000000000000000000000000000000000000000000000000000000000000                                                                                                      000163
10213247845000128416070035008805076  45503                    0004550307                                   102090415PED36726530004550307          22041500000000385330414168808000000000020000000000000000000000000000000000000000000000000000000000000000000000000000000000000000000000000000000000                                                                                                      000164
10213247845000128416070035008805076  45504                    0004550498                                   102090415PED36726530004550498          29041500000000385330414168808000000000020000000000000000000000000000000000000000000000000000000000000000000000000000000000000000000000000000000000                                                                                                      000165
10213247845000128416070035008805076  45506                    0004550633                                   102090415PED37526530004550633          06051500000000259040419407208000000000020000000000000000000000000000000000000000000000000000000000000000000000000000000000000000000000000000000000                                                                                                      000166
10213247845000128416070035008805076  45507                    0004550714                                   102090415PED10192650004550714          18041500000000141780414168808000000000020000000000000000000000000000000000000000000000000000000000000000000000000000000000000000000000000000000000                                                                                                      000167
10213247845000128416070035008805076  45508                    0004550897                                   102090415PED78826530004550897          22041500000000363340414168808000000000020000000000000000000000000000000000000000000000000000000000000000000000000000000000000000000000000000000000                                                                                                      000168
10213247845000128416070035008805076  45509                    0004550978                                   102090415PED78826530004550978          29041500000000363330414168808000000000020000000000000000000000000000000000000000000000000000000000000000000000000000000000000000000000000000000000                                                                                                      000169
10213247845000128416070035008805076  45510                    0004551052                                   102090415PED36726530004551052          14041500000000985660417914608000000000020000000000000000000000000000000000000000000000000000000000000000000000000000000000000000000000000000000000                                                                                                      000170
10213247845000128416070035008805076  45511                    0004551133                                   102090415PED34426530004551133          29041500000000389400414168808000000000020000000000000000000000000000000000000000000000000000000000000000000000000000000000000000000000000000000000                                                                                                      000171
10213247845000128416070035008805076  45512                    0004551214                                   102090415PED10192650004551214          22041500000000182190414168808000000000020000000000000000000000000000000000000000000000000000000000000000000000000000000000000000000000000000000000                                                                                                      000172
10213247845000128416070035008805076  45513                    0004551397                                   102090415PED34426530004551397          15041500000000509800414168808000000000020000000000000000000000000000000000000000000000000000000000000000000000000000000000000000000000000000000000                                                                                                      000173
10213247845000128416070035008805076  45514                    0004551478                                   102090415PED40626530004551478          29041500000000111810414168808000000000020000000000000000000000000000000000000000000000000000000000000000000000000000000000000000000000000000000000                                                                                                      000174
9201041          000003880000001589390700000000 00000880000000027734930000056000000001648138                                                                                                                                                                                                                                                                                                              000175
