02RETORNO01COBRANCA       416070035008        DISTRIBUIDORA DE ALIMENTOS BIL041BANRISUL       25031501600BPI                                                                                                                                                                                                                                                                                              000001
10213247845000128416070035008805076  43131                    0004313127                                   115240315PED40626030004313127          09031500000000211730414168808000000000000000000000005700000000000000000000000000000000000000000000000000000000000002060300000000002560000000000000   250315                                         17                                                  000002
10213247845000128416070035008805076  43222                    0004322290                                   144250315PED36726060004322290          22021500000000180540417914608000000000000000000000002000000000000000000000000000000000000000000000000000000000000000000000000000000000000000000000                                                                                                      000003
10213247845000128416070035008805076  43363                    0004336313                                   106240315PED34426100004336313          24031500000000564451044135108000000000000000000000000000000000000000000000000000000000000000000000000000000000000005644500000000000000000000000000   250315                                         15                                                  000004
10213247845000128416070035008815055  43401                    0004340191          2014041630105001000003   306240315PED020396/0004340191          24031500000000198280334135108000000000000000000000000000000000000000000000000000000000000000000000000000000000000001982800000000000000000000000000   250315                                         17                                                  000005
10213247845000128416070035008805076  43402                    0004340272                                   106240315PED34426100004340272          24031500000000819790414168808000000000000000000000000000000000000000000000000000000000000000000000000000000000000008197900000000000000000000000000   250315                                         11                                                  000006
10213247845000128416070035008805076  43411                    0004341198                                   106240315PED40626110004341198          24031500000001019120334135108000000000000000000000000000000000000000000000000000000000000000000000000000000000000010191200000000000000000000000000   250315                                         13                                                  000007
10213247845000128416070035008805076  43537                    0004353706                                   106240315PED37526120004353706          25031500000000521910410109008000000000000000000000000000000000000000000000000000000000000000000000000000000000000005219100000000000000000000000000   250315                                         16                                                  000008
10213247845000128416070035008805076  43688                    0004368819                                   106240315PED34426170004368819          23031500000000373580410109008000000000000000000000000000000000000000000000000000000000000000000000000000000000000003735800000000001120000000000000   250315                                         16                                                  000009
10213247845000128416070035008805076  43712                    0004371291                                   106240315PED36726170004371291          24031500000000529393994135108000000000000000000000000000000000000000000000000000000000000000000000000000000000000005293900000000000000000000000000   250315                                         11                                                  000010
10213247845000128416070035008805076  43713                    0004371372                                   106240315PED36726170004371372          24031500000000529393994135108000000000000000000000000000000000000000000000000000000000000000000000000000000000000005293900000000000000000000000000   250315                                         11                                                  000011
10213247845000128416070035008805076  43714                    0004371453                                   106240315PED40626170004371453          24031500000001994420410109008000000000000000000000000000000000000000000000000000000000000000000000000000000000000019944200000000000000000000000000   250315                                         13                                                  000012
10213247845000128416070035008805076  43715                    0004371526                                   106240315PED37526170004371526          24031500000000998840410109008000000000000000000000000000000000000000000000000000000000000000000000000000000000000009988400000000000000000000000000   250315                                         16                                                  000013
10213247845000128416070035008815055  43732                    0004373278          2014041630105001000005   306240315PED10192610004373278          24031500000000054557564135108000000000000000000000000000000000000000000000000000000000000000000000000000000000000000545500000000000000000000000000   250315                                         11                                                  000014
10213247845000128416070035008815055  43741                    0004374185          2014041630105001000003   306240315PED36726180004374185          24031500000000339400014135108000000000000000000000000000000000000000000000000000000000000000000000000000000000000003394000000000000000000000000000   250315                                         12                                                  000015
10213247845000128416070035008815055  43754                    0004375416          2014041630105001000003   315240315PED37526170004375416          10031500000000228440411974708000000000000000000000005700000000000000000000000000000000000000000000000000000000000002227400000000004140000000000000   250315                                         17                                                  000016
10213247845000128416070035008815055  43757                    0004375742          2014041630105001000003   306240315PED020537/0004375742          24031500000000145301044135108000000000000000000000000000000000000000000000000000000000000000000000000000000000000001453000000000000000000000000000   250315                                         15                                                  000017
10213247845000128416070035008815055  43843                    0004384326          2014041630105001000003   306240315PED34426190004384326          25031500000000107910410109008000000000000000000000000000000000000000000000000000000000000000000000000000000000000001079100000000000000000000000000   250315                                         16                                                  000018
10213247845000128416070035008815055  43860                    0004386078          2014041630105001000014   315240315PED10192610004386078          11031500000000116000414168808000000000000000000000005700000000000000000000000000000000000000000000000000000000000001103000000000001750000000000000   250315                                         17                                                  000019
10213247845000128416070035008815055  43938                    0004393805          2014041630105001000003   306240315PED36726200004393805          20031500000000247160411636508000000000000000000000000000000000000000000000000000000000000000000000000000000000000002471600000000002960000000000000   250315                                         11                                                  000020
10213247845000128416070035008815055  43948                    0004394895          2013041630105001000013   306240315PED34426200004394895          27031500000000133410410109008000000000000000000000000000000000000000000000000000000000000000000000000000000000000001334100000000000000000000000000   250315                                         16                                                  000021
10213247845000128416070035008805076  43971                    0004397118                                   115240315PED34426210004397118          09031500000000071430414168808000000000000000000000005700000000000000000000000000000000000000000000000000000000000000657300000000000840000000000000   250315                                         17                                                  000022
10213247845000128416070035008815055  43981                    0004398106          2014041630105001000003   323250315PED10222610004398106          20031500000000221640417856508000000000000000000000000000000000000000000000000000000000000000000000000000000000000000000000000000000000000000000000                                                                                                      000023
10213247845000128416070035008805076  44007                    0004400739                                   110250315PED34426240004400739          12031500000000083560414168808000000000000000000000041300000000000000000000000000000000000000000000000000000000000000422600000000000000000000000000   250315                                          7                                                  000024
10213247845000128416070035008815055  44021                    0004402146          2014041630105001000003   306240315PED37526240004402146          30031500000000180863414135108000000000000000000000000000000000000000000000000000000000000000000000000000000000000001808600000000000000000000000000   250315                                         17                                                  000025
10213247845000128416070035008815055  44033                    0004403398          2014041630105001000003   306240315PED10192620004403398          23031500000000127010410109008000000000000000000000000000000000000000000000000000000000000000000000000000000000000001270100000000000380000000000000   250315                                         16                                                  000026
10213247845000128416070035008805076  44055                    0004405528                                   106240315PED34426240004405528          24031500000000775760014135108000000000000000000000000000000000000000000000000000000000000000000000000000000000000007757600000000000000000000000000   250315                                         11                                                  000027
10213247845000128416070035008815055  44057                    0004405781          2013041630105001000013   306240315PED10192620004405781          23031500000000108592374135108000000000000000000000000000000000000000000000000000000000000000000000000000000000000001085900000000000330000000000000   250315                                         15                                                  000028
10213247845000128416070035008815055  44066                    0004406699          2013041630105001000013   306240315PED10192620004406699          24031500000000125417564135108000000000000000000000000000000000000000000000000000000000000000000000000000000000000001254100000000000000000000000000   250315                                         11                                                  000029
10213247845000128416070035008815055  44072                    0004407288          2014041630105001000003   306240315PED36726250004407288          24031500000000155392374135108000000000000000000000000000000000000000000000000000000000000000000000000000000000000001553900000000000000000000000000   250315                                         15                                                  000030
10213247845000128416070035008815055  44080                    0004408004          2013041630105001000013   306240315PED37526240004408004          24031500000000106660014135108000000000000000000000000000000000000000000000000000000000000000000000000000000000000001066600000000000000000000000000   250315                                         13                                                  000031
10213247845000128416070035008815055  44083                    0004408349          2014041630105001000003   306240315PED37526240004408349          24031500000000167671044135108000000000000000000000000000000000000000000000000000000000000000000000000000000000000001676700000000000000000000000000   250315                                         15                                                  000032
10213247845000128416070035008805076  44105                    0004410556                                   106240315PED78826240004410556          24031500000000632141044135108000000000000000000000000000000000000000000000000000000000000000000000000000000000000006321400000000000000000000000000   250315                                         15                                                  000033
10213247845000128416070035008805076  44106                    0004410637                                   106240315PED78826240004410637          24031500000001443477484135108000000000000000000000000000000000000000000000000000000000000000000000000000000000000014434700000000000000000000000000   250315                                         15                                                  000034
10213247845000128416070035008815055  44114                    0004411471          2014041630105001000003   306240315PED10222620004411471          24031500000000182237484135108000000000000000000000000000000000000000000000000000000000000000000000000000000000000001822300000000000000000000000000   250315                                         11                                                  000035
10213247845000128416070035008815055  44131                    0004413113          2014041630105001000003   306240315PED10212620004413113          24031500000000241750014135108000000000000000000000000000000000000000000000000000000000000000000000000000000000000002417500000000000000000000000000   250315                                         13                                                  000036
10213247845000128416070035008815055  44161                    0004416198          2014041630105001000003   306240315PED78826250004416198          25031500000000301931044135108000000000000000000000000000000000000000000000000000000000000000000000000000000000000003019300000000000000000000000000   250315                                         15                                                  000037
10213247845000128416070035008815055  44179                    0004417909          2013041630105001000013   306240315PED10192620004417909          24031500000000256201044135108000000000000000000000000000000000000000000000000000000000000000000000000000000000000002562000000000000000000000000000   250315                                         15                                                  000038
10213247845000128416070035008805076  44216                    0004421604                                   132250315PED36726260004421604          01041500000000125650414168801000000000000000000000000000000000000000000000000000000000000000000000000000000000000001256500000000000000000000000000   250315                                          1                                                  000039
10213247845000128416070035008815055  44224                    0004422449          2014041630105001000003   306240315PED37526260004422449          25031500000000196700410109008000000000000000000000000000000000000000000000000000000000000000000000000000000000000001967000000000000000000000000000   250315                                         11                                                  000040
10213247845000128416070035008805076  44281                    0004428145                                   106240315PED10192620004428145          26031500000000526030410109008000000000000000000000000000000000000000000000000000000000000000000000000000000000000005260300000000000000000000000000   250315                                         16                                                  000041
10213247845000128416070035008805076  44286                    0004428633                                   106240315PED40626270004428633          26031500000000543150014135108000000000000000000000000000000000000000000000000000000000000000000000000000000000000005431500000000000000000000000000   250315                                         11                                                  000042
10213247845000128416070035008815055  44350                    0004435079          2014041630105001000003   323250315PED10222620004435079          20031500000000288020417856508000000000000000000000000000000000000000000000000000000000000000000000000000000000000000000000000000000000000000000000                                                                                                      000043
10213247845000128416070035008815055  44388                    0004438876          2014041630105001000005   306240315PED020748/0004438876          26031500000000154620014135108000000000000000000000000000000000000000000000000000000000000000000000000000000000000001546200000000000000000000000000   250315                                         11                                                  000044
10213247845000128416070035008805076  44422                    0004442245                                   106240315PED34426310004442245          24031500000000634541044135108000000000000000000000000000000000000000000000000000000000000000000000000000000000000006345400000000000000000000000000   250315                                         15                                                  000045
10213247845000128416070035008815055  44432                    0004443233          2014041630105001000014   306240315PED10192630004443233          24031500000000111022374135108000000000000000000000000000000000000000000000000000000000000000000000000000000000000001110200000000000000000000000000   250315                                         15                                                  000046
10213247845000128416070035008815055  44433                    0004443314          2014041630105001000003   306240315PED37526320004443314          24031500000000191691044135108000000000000000000000000000000000000000000000000000000000000000000000000000000000000001916900000000000000000000000000   250315                                         15                                                  000047
10213247845000128416070035008805076  44438                    0004443802                                   106240315PED34426320004443802          24031500000000530621044135108000000000000000000000000000000000000000000000000000000000000000000000000000000000000005306200000000000000000000000000   250315                                         15                                                  000048
10213247845000128416070035008815055  44462                    0004446208          2014041630105001000003   306240315PED020853/0004446208          24031500000000232621044135108000000000000000000000000000000000000000000000000000000000000000000000000000000000000002326200000000000000000000000000   250315                                         15                                                  000049
10213247845000128416070035008805076  44467                    0004446798                                   106240315PED78826310004446798          24031500000000220121044135108000000000000000000000000000000000000000000000000000000000000000000000000000000000000002201200000000000000000000000000   250315                                         15                                                  000050
10213247845000128416070035008815055  44477                    0004447786          2014041630105001000003   306240315PED10212630004447786          24031500000000134100410109008000000000000000000000000000000000000000000000000000000000000000000000000000000000000001341000000000000000000000000000   250315                                         11                                                  000051
10213247845000128416070035008805076  44491                    0004449193                                   106240315PED36726310004449193          24031500000000290290410109008000000000000000000000000000000000000000000000000000000000000000000000000000000000000002902900000000000000000000000000   250315                                         11                                                  000052
10213247845000128416070035008815055  44523                    0004452399          2014041630105001000005   306240315PED37526320004452399          25031500000000118700334135108000000000000000000000000000000000000000000000000000000000000000000000000000000000000001187000000000000000000000000000   250315                                         17                                                  000053
10213247845000128416070035008805076  44553                    0004455363                                   106240315PED10192630004455363          24031500000000223271044135108000000000000000000000000000000000000000000000000000000000000000000000000000000000000002232700000000000000000000000000   250315                                         15                                                  000054
10213247845000128416070035008805076  44648                    0004464842                                   132250315PED36726340004464842          09041500000000236510414168801000000000000000000000000000000000000000000000000000000000000000000000000000000000000002365100000000000000000000000000   250315                                          1                                                  000055
10213247845000128416070035008805076  44649                    0004464923                                   132250315PED10192630004464923          07041500000000138000414168801000000000000000000000000000000000000000000000000000000000000000000000000000000000000001380000000000000000000000000000   250315                                          1                                                  000056
10213247845000128416070035008805076  44658                    0004465830                                   132250315PED34426340004465830          02041500000000147150414168801000000000000000000000000000000000000000000000000000000000000000000000000000000000000001471500000000000000000000000000   250315                                          1                                                  000057
10213247845000128416070035008805076  44661                    0004466179                                   132250315PED020898/0004466179          09041500000000200700414168801000000000000000000000000000000000000000000000000000000000000000000000000000000000000002007000000000000000000000000000   250315                                          1                                                  000058
10213247845000128416070035008805076  44663                    0004466330                                   132250315PED10192630004466330          02041500000000220150414168801000000000000000000000000000000000000000000000000000000000000000000000000000000000000002201500000000000000000000000000   250315                                          1                                                  000059
10213247845000128416070035008805076  44664                    0004466411                                   132250315PED34426340004466411          02041500000000099420414168801000000000000000000000000000000000000000000000000000000000000000000000000000000000000000994200000000000000000000000000   250315                                          1                                                  000060
10213247845000128416070035008805076  44665                    0004466586                                   132250315PED37526340004466586          02041500000000246250414168801000000000000000000000000000000000000000000000000000000000000000000000000000000000000002462500000000000000000000000000   250315                                          1                                                  000061
10213247845000128416070035008805076  44671                    0004467167                                   132250315PED10192630004467167          02041500000000156960414168801000000000000000000000000000000000000000000000000000000000000000000000000000000000000001569600000000000000000000000000   250315                                          1                                                  000062
10213247845000128416070035008805998                           0004467248                                   106240315          0004467248          24031500000000439420410109000000000000020000000000000000000000000000000000000000000000000000000000000000000000000004394200000000000000000000000000   250315                                         16                                                  000063
10213247845000128416070035008805076  44675                    0004467574                                   132250315PED34426340004467574          27031500000000182550414168801000000000000000000000000000000000000000000000000000000000000000000000000000000000000001825500000000000000000000000000   250315                                          1                                                  000064
10213247845000128416070035008805076  44678                    0004467817                                   132250315PED10222630004467817          03041500000000179920414168801000000000000000000000000000000000000000000000000000000000000000000000000000000000000001799200000000000000000000000000   250315                                          1                                                  000065
10213247845000128416070035008805076  44681                    0004468155                                   132250315PED10212630004468155          01041500000000208150414168801000000000000000000000000000000000000000000000000000000000000000000000000000000000000002081500000000000000000000000000   250315                                          1                                                  000066
10213247845000128416070035008805076  44686                    0004468643                                   132250315PED78826350004468643          03041500000000239540414168801000000000000000000000000000000000000000000000000000000000000000000000000000000000000002395400000000000000000000000000   250315                                          1                                                  000067
10213247845000128416070035008805076  44687                    0004468724                                   132250315PED78826350004468724          27031500000000182710414168801000000000000000000000000000000000000000000000000000000000000000000000000000000000000001827100000000000000000000000000   250315                                          1                                                  000068
10213247845000128416070035008805076  44690                    0004469062                                   132250315PED10192630004469062          03041500000000138830414168801000000000000000000000000000000000000000000000000000000000000000000000000000000000000001388300000000000000000000000000   250315                                          1                                                  000069
10213247845000128416070035008805076  44692                    0004469224                                   132250315PED020931/0004469224          03041500000000161840414168801000000000000000000000000000000000000000000000000000000000000000000000000000000000000001618400000000000000000000000000   250315                                          1                                                  000070
10213247845000128416070035008805076  44693                    0004469305                                   132250315PED020930/0004469305          27031500000000228210414168801000000000000000000000000000000000000000000000000000000000000000000000000000000000000002282100000000000000000000000000   250315                                          1                                                  000071
10213247845000128416070035008805076  44702                    0004470206                                   132250315PED78826350004470206          10041500000000184730414168801000000000000000000000000000000000000000000000000000000000000000000000000000000000000001847300000000000000000000000000   250315                                          1                                                  000072
10213247845000128416070035008805076  44706                    0004470605                                   132250315PED020954/0004470605          27031500000000126640414168801000000000000000000000000000000000000000000000000000000000000000000000000000000000000001266400000000000000000000000000   250315                                          1                                                  000073
10213247845000128416070035008805076  44707                    0004470788                                   132250315PED37526350004470788          06041500000000198930414168801000000000000000000000000000000000000000000000000000000000000000000000000000000000000001989300000000000000000000000000   250315                                          1                                                  000074
10213247845000128416070035008805076  44708                    0004470869                                   132250315PED40626380004470869          06041500000000142040414168801000000000000000000000000000000000000000000000000000000000000000000000000000000000000001420400000000000000000000000000   250315                                          1                                                  000075
10213247845000128416070035008805076  44718                    0004471857                                   132250315PED78826380004471857          20041500000000249780414168801000000000000000000000000000000000000000000000000000000000000000000000000000000000000002497800000000000000000000000000   250315                                          1                                                  000076
10213247845000128416070035008805076  44720                    0004472012                                   132250315PED37526350004472012          06041500000000115910414168801000000000000000000000000000000000000000000000000000000000000000000000000000000000000001159100000000000000000000000000   250315                                          1                                                  000077
10213247845000128416070035008805076  44721                    0004472195                                   132250315PED40626380004472195          20041500000000139200414168801000000000000000000000000000000000000000000000000000000000000000000000000000000000000001392000000000000000000000000000   250315                                          1                                                  000078
10213247845000128416070035008805076  44728                    0004472845                                   132250315PED020966/0004472845          13041500000000240730414168801000000000000000000000000000000000000000000000000000000000000000000000000000000000000002407300000000000000000000000000   250315                                          1                                                  000079
10213247845000128416070035008805076  44733                    0004473345                                   132250315PED10212630004473345          06041500000000173500414168801000000000000000000000000000000000000000000000000000000000000000000000000000000000000001735000000000000000000000000000   250315                                          1                                                  000080
10213247845000128416070035008805076  44736                    0004473671                                   132250315PED40626380004473671          06041500000000217420414168801000000000000000000000000000000000000000000000000000000000000000000000000000000000000002174200000000000000000000000000   250315                                          1                                                  000081
10213247845000128416070035008805076  44738                    0004473833                                   102250315PED34426380004473833          30031500000000237620414168808000000000020000000000000000000000000000000000000000000000000000000000000000000000000000000000000000000000000000000000                                                                                                      000082
10213247845000128416070035008805076  44739                    0004473914                                   102250315PED34426380004473914          13041500000000176270414168808000000000020000000000000000000000000000000000000000000000000000000000000000000000000000000000000000000000000000000000                                                                                                      000083
10213247845000128416070035008805076  44740                    0004474090                                   102250315PED40626350004474090          10041500000002280000419480308000000000020000000000000000000000000000000000000000000000000000000000000000000000000000000000000000000000000000000000                                                                                                      000084
10213247845000128416070035008805076  44741                    0004474171                                   132250315PED020976/0004474171          30031500000000212310414168801000000000000000000000000000000000000000000000000000000000000000000000000000000000000002123100000000000000000000000000   250315                                          1                                                  000085
10213247845000128416070035008805076  44744                    0004474414                                   102250315PED36726380004474414          06041500000000390450414168808000000000020000000000000000000000000000000000000000000000000000000000000000000000000000000000000000000000000000000000                                                                                                      000086
10213247845000128416070035008805076  44745                    0004474589                                   102250315PED020983/0004474589          06041500000000236060412907608000000000020000000000000000000000000000000000000000000000000000000000000000000000000000000000000000000000000000000000                                                                                                      000087
10213247845000128416070035008805076  44746                    0004474678                                   102250315PED10212630004474678          06041500000000256800412907608000000000020000000000000000000000000000000000000000000000000000000000000000000000000000000000000000000000000000000000                                                                                                      000088
10213247845000128416070035008805076  44748                    0004474821                                   102250315PED37526380004474821          30031500000000246690411636508000000000020000000000000000000000000000000000000000000000000000000000000000000000000000000000000000000000000000000000                                                                                                      000089
10213247845000128416070035008805076  44749                    0004474902                                   102250315PED37526380004474902          20041500000000335230411636508000000000020000000000000000000000000000000000000000000000000000000000000000000000000000000000000000000000000000000000                                                                                                      000090
10213247845000128416070035008805076  44750                    0004475089                                   102250315PED36726380004475089          06041500000000325340411636508000000000020000000000000000000000000000000000000000000000000000000000000000000000000000000000000000000000000000000000                                                                                                      000091
10213247845000128416070035008805076  44751                    0004475178                                   102250315PED37526380004475178          30031500000000200580417914608000000000020000000000000000000000000000000000000000000000000000000000000000000000000000000000000000000000000000000000                                                                                                      000092
10213247845000128416070035008805076  44752                    0004475240                                   102250315PED34426380004475240          06041500000000334580414168808000000000020000000000000000000000000000000000000000000000000000000000000000000000000000000000000000000000000000000000                                                                                                      000093
10213247845000128416070035008805076  44753                    0004475321                                   102250315PED34426380004475321          20041500000000712470414168808000000000020000000000000000000000000000000000000000000000000000000000000000000000000000000000000000000000000000000000                                                                                                      000094
10213247845000128416070035008805076  44754                    0004475402                                   102250315PED34426380004475402          30031500000000358690414168808000000000020000000000000000000000000000000000000000000000000000000000000000000000000000000000000000000000000000000000                                                                                                      000095
10213247845000128416070035008805076  44755                    0004475577                                   102250315PED40626380004475577          06041500000000362820414168808000000000020000000000000000000000000000000000000000000000000000000000000000000000000000000000000000000000000000000000                                                                                                      000096
10213247845000128416070035008805076  44756                    0004475658                                   102250315PED40626380004475658          13041500000000593760414168808000000000020000000000000000000000000000000000000000000000000000000000000000000000000000000000000000000000000000000000                                                                                                      000097
10213247845000128416070035008805076  44757                    0004475739                                   102250315PED40626380004475739          13041500000000889690414168808000000000020000000000000000000000000000000000000000000000000000000000000000000000000000000000000000000000000000000000                                                                                                      000098
10213247845000128416070035008805076  44758                    0004475828                                   102250315PED40626380004475828          20041500000000889680414168808000000000020000000000000000000000000000000000000000000000000000000000000000000000000000000000000000000000000000000000                                                                                                      000099
10213247845000128416070035008805076  44760                    0004476077                                   102250315PED34426380004476077          13041500000000227830414168808000000000020000000000000000000000000000000000000000000000000000000000000000000000000000000000000000000000000000000000                                                                                                      000100
10213247845000128416070035008805076  44761                    0004476158                                   102250315PED34426380004476158          20041500000000566760414168808000000000020000000000000000000000000000000000000000000000000000000000000000000000000000000000000000000000000000000000                                                                                                      000101
10213247845000128416070035008805076  44762                    0004476239                                   102250315PED37526380004476239          06041500000000519860414168808000000000020000000000000000000000000000000000000000000000000000000000000000000000000000000000000000000000000000000000                                                                                                      000102
10213247845000128416070035008805076  44763                    0004476328                                   102250315PED020982/0004476328          13041500000000113330414168808000000000020000000000000000000000000000000000000000000000000000000000000000000000000000000000000000000000000000000000                                                                                                      000103
10213247845000128416070035008805076  44764                    0004476492                                   102250315PED34426380004476492          21041500000000671200414168808000000000020000000000000000000000000000000000000000000000000000000000000000000000000000000000000000000000000000000000                                                                                                      000104
10213247845000128416070035008805076  44765                    0004476565                                   102250315PED10212630004476565          31031500000000242770412907608000000000020000000000000000000000000000000000000000000000000000000000000000000000000000000000000000000000000000000000                                                                                                      000105
10213247845000128416070035008805076  44766                    0004476646                                   102250315PED10212630004476646          06041500000000045840412907608000000000020000000000000000000000000000000000000000000000000000000000000000000000000000000000000000000000000000000000                                                                                                      000106
10213247845000128416070035008805076  44767                    0004476727                                   102250315PED10212630004476727          07041500000000225120412907608000000000020000000000000000000000000000000000000000000000000000000000000000000000000000000000000000000000000000000000                                                                                                      000107
10213247845000128416070035008805076  44768                    0004476808                                   102250315PED10212630004476808          27031500000000219840412907608000000000020000000000000000000000000000000000000000000000000000000000000000000000000000000000000000000000000000000000                                                                                                      000108
10213247845000128416070035008805076  44769                    0004476980                                   102250315PED37526380004476980          21041500000000256070411636508000000000020000000000000000000000000000000000000000000000000000000000000000000000000000000000000000000000000000000000                                                                                                      000109
10213247845000128416070035008805076  44770                    0004477065                                   102250315PED34426380004477065          07041500000000288880414168808000000000020000000000000000000000000000000000000000000000000000000000000000000000000000000000000000000000000000000000                                                                                                      000110
10213247845000128416070035008805076  44771                    0004477146                                   102250315PED34426380004477146          20041500000000850840414168808000000000020000000000000000000000000000000000000000000000000000000000000000000000000000000000000000000000000000000000                                                                                                      000111
10213247845000128416070035008805076  44772                    0004477227                                   102250315PED40626380004477227          14041500000001319800419480308000000000020000000000000000000000000000000000000000000000000000000000000000000000000000000000000000000000000000000000                                                                                                      000112
10213247845000128416070035008805076  44773                    0004477308                                   102250315PED37526380004477308          07041500000000130320419407208000000000020000000000000000000000000000000000000000000000000000000000000000000000000000000000000000000000000000000000                                                                                                      000113
10213247845000128416070035008805076  44774                    0004477480                                   102250315PED37526380004477480          30031500000000197540417914608000000000020000000000000000000000000000000000000000000000000000000000000000000000000000000000000000000000000000000000                                                                                                      000114
10213247845000128416070035008805076  44775                    0004477553                                   102250315PED37526380004477553          31031500000000137000417914608000000000020000000000000000000000000000000000000000000000000000000000000000000000000000000000000000000000000000000000                                                                                                      000115
10213247845000128416070035008805076  44776                    0004477634                                   102250315PED37526380004477634          31031500000000415760414168808000000000020000000000000000000000000000000000000000000000000000000000000000000000000000000000000000000000000000000000                                                                                                      000116
10213247845000128416070035008805076  44777                    0004477715                                   102250315PED40626380004477715          07041500000000349260414168808000000000020000000000000000000000000000000000000000000000000000000000000000000000000000000000000000000000000000000000                                                                                                      000117
10213247845000128416070035008805076  44778                    0004477898                                   102250315PED10192630004477898          13041500000000238510416973608000000000020000000000000000000000000000000000000000000000000000000000000000000000000000000000000000000000000000000000                                                                                                      000118
10213247845000128416070035008805076  44779                    0004477979                                   102250315PED10192630004477979          07041500000000193030416973608000000000020000000000000000000000000000000000000000000000000000000000000000000000000000000000000000000000000000000000                                                                                                      000119
10213247845000128416070035008805076  44780                    0004478053                                   102250315PED10192630004478053          31031500000000117390416973608000000000020000000000000000000000000000000000000000000000000000000000000000000000000000000000000000000000000000000000                                                                                                      000120
10213247845000128416070035008805076  44781                    0004478134                                   102250315PED10192630004478134          07041500000000518690416973608000000000020000000000000000000000000000000000000000000000000000000000000000000000000000000000000000000000000000000000                                                                                                      000121
10213247845000128416070035008805076  44782                    0004478215                                   102250315PED37526380004478215          31031500000000129210419480308000000000020000000000000000000000000000000000000000000000000000000000000000000000000000000000000000000000000000000000                                                                                                      000122
10213247845000128416070035008805076  44784                    0004478479                                   102250315PED10192630004478479          07041500000000072250416973608000000000020000000000000000000000000000000000000000000000000000000000000000000000000000000000000000000000000000000000                                                                                                      000123
10213247845000128416070035008805076  44785                    0004478541                                   102250315PED10192630004478541          30031500000000125600416973608000000000020000000000000000000000000000000000000000000000000000000000000000000000000000000000000000000000000000000000                                                                                                      000124
10213247845000128416070035008805076  44786                    0004478622                                   102250315PED10192630004478622          06041500000000648560416973608000000000020000000000000000000000000000000000000000000000000000000000000000000000000000000000000000000000000000000000                                                                                                      000125
10213247845000128416070035008805076  44787                    0004478703                                   102250315PED10192630004478703          06041500000000277710419480308000000000020000000000000000000000000000000000000000000000000000000000000000000000000000000000000000000000000000000000                                                                                                      000126
10213247845000128416070035008805076  44788                    0004478886                                   102250315PED10192630004478886          31031500000000111140419480308000000000020000000000000000000000000000000000000000000000000000000000000000000000000000000000000000000000000000000000                                                                                                      000127
10213247845000128416070035008805076  44789                    0004478967                                   102250315PED020998/0004478967          31031500000000219220414168808000000000020000000000000000000000000000000000000000000000000000000000000000000000000000000000000000000000000000000000                                                                                                      000128
10213247845000128416070035008805076  44790                    0004479041                                   102250315PED37526390004479041          31031500000000449760411636508000000000020000000000000000000000000000000000000000000000000000000000000000000000000000000000000000000000000000000000                                                                                                      000129
10213247845000128416070035008805076  44791                    0004479122                                   102250315PED40626380004479122          31031500000000480490414168808000000000020000000000000000000000000000000000000000000000000000000000000000000000000000000000000000000000000000000000                                                                                                      000130
10213247845000128416070035008805076  44792                    0004479203                                   102250315PED40626380004479203          31031500000000480490414168808000000000020000000000000000000000000000000000000000000000000000000000000000000000000000000000000000000000000000000000                                                                                                      000131
10213247845000128416070035008805076  44793                    0004479386                                   102250315PED40626380004479386          31031500000000480500414168808000000000020000000000000000000000000000000000000000000000000000000000000000000000000000000000000000000000000000000000                                                                                                      000132
10213247845000128416070035008805076  44796                    0004479610                                   102250315PED34426380004479610          29031500000000576020411636508000000000020000000000000000000000000000000000000000000000000000000000000000000000000000000000000000000000000000000000                                                                                                      000133
10213247845000128416070035008805076  44797                    0004479793                                   102250315PED36726390004479793          31031500000000411900417914608000000000020000000000000000000000000000000000000000000000000000000000000000000000000000000000000000000000000000000000                                                                                                      000134
10213247845000128416070035008805076  44799                    0004479955                                   102250315PED020997/0004479955          07041500000000608380414168808000000000020000000000000000000000000000000000000000000000000000000000000000000000000000000000000000000000000000000000                                                                                                      000135
10213247845000128416070035008805076  44800                    0004480015                                   102250315PED40626390004480015          21041500000000437580414168808000000000020000000000000000000000000000000000000000000000000000000000000000000000000000000000000000000000000000000000                                                                                                      000136
10213247845000128416070035008805076  44802                    0004480279                                   102250315PED10192630004480279          07041500000000224090414168808000000000020000000000000000000000000000000000000000000000000000000000000000000000000000000000000000000000000000000000                                                                                                      000137
10213247845000128416070035008805076  44803                    0004480368                                   102250315PED10192630004480368          07041500000000426640414168808000000000020000000000000000000000000000000000000000000000000000000000000000000000000000000000000000000000000000000000                                                                                                      000138
10213247845000128416070035008805076  44804                    0004480430                                   102250315PED10192630004480430          07041500000000110000414168808000000000020000000000000000000000000000000000000000000000000000000000000000000000000000000000000000000000000000000000                                                                                                      000139
10213247845000128416070035008805076  44805                    0004480503                                   102250315PED36726390004480503          14041500000000274010414168808000000000020000000000000000000000000000000000000000000000000000000000000000000000000000000000000000000000000000000000                                                                                                      000140
10213247845000128416070035008805076  44806                    0004480686                                   102250315PED36726390004480686          14041500000000274000414168808000000000020000000000000000000000000000000000000000000000000000000000000000000000000000000000000000000000000000000000                                                                                                      000141
10213247845000128416070035008805076  44807                    0004480767                                   102250315PED36726390004480767          14041500000000265180416700808000000000020000000000000000000000000000000000000000000000000000000000000000000000000000000000000000000000000000000000                                                                                                      000142
10213247845000128416070035008805076  44808                    0004480848                                   102250315PED10192630004480848          14041500000000299700416973608000000000020000000000000000000000000000000000000000000000000000000000000000000000000000000000000000000000000000000000                                                                                                      000143
10213247845000128416070035008805076  44809                    0004480929                                   102250315PED020995/0004480929          31031500000000227100414168808000000000020000000000000000000000000000000000000000000000000000000000000000000000000000000000000000000000000000000000                                                                                                      000144
10213247845000128416070035008805076  44810                    0004481003                                   102250315PED37526390004481003          14041500000000787840419407208000000000020000000000000000000000000000000000000000000000000000000000000000000000000000000000000000000000000000000000                                                                                                      000145
10213247845000128416070035008805076  44811                    0004481186                                   102250315PED36726390004481186          30031500000000927150417914608000000000020000000000000000000000000000000000000000000000000000000000000000000000000000000000000000000000000000000000                                                                                                      000146
10213247845000128416070035008805076  44812                    0004481267                                   102250315PED34426390004481267          31031500000000513600412907608000000000020000000000000000000000000000000000000000000000000000000000000000000000000000000000000000000000000000000000                                                                                                      000147
9201041          000005620000002346652300000000 00000650000000026510490000049000000001855646                                                                                                                                                                                                                                                                                                              000148
