02RETORNO01COBRANCA       416070035008        DISTRIBUIDORA DE ALIMENTOS BIL041BANRISUL       27031501600BPI                                                                                                                                                                                                                                                                                              000001
10213247845000128416070035008815055  43575                    0004357507          2014041630105001000005   306260315PED78826130004357507          26031500000000344220334135108000000000000000000000000000000000000000000000000000000000000000000000000000000000000003442200000000000000000000000000   270315                                         17                                                  000002
10213247845000128416070035008805076  43576                    0004357698                                   106260315PED78826130004357698          26031500000000390470334135108000000000000000000000000000000000000000000000000000000000000000000000000000000000000003904700000000000000000000000000   270315                                         17                                                  000003
10213247845000128416070035008805076  43609                    0004360974                                   106260315PED78826110004360974          26031500000000794986344135108000000000000000000000000000000000000000000000000000000000000000000000000000000000000007949800000000000000000000000000   270315                                         17                                                  000004
10213247845000128416070035008805076  43669                    0004366913                                   106260315PED37526140004366913          27031500000000954847484135108000000000000000000000000000000000000000000000000000000000000000000000000000000000000009548400000000000000000000000000   270315                                         11                                                  000005
10213247845000128416070035008805076  43683                    0004368320                                   106260315PED36726170004368320          23031500000000370470410109008000000000000000000000000000000000000000000000000000000000000000000000000000000000000003704700000000003330000000000000   270315                                         16                                                  000006
10213247845000128416070035008815055  43686                    0004368657          2013041630105001000013   306260315PED37526170004368657          30031500000000306007484135108000000000000000000000000000000000000000000000000000000000000000000000000000000000000003060000000000000000000000000000   270315                                         11                                                  000007
10213247845000128416070035008815055  43734                    0004373448          2014041630105001000003   306260315PED10192610004373448          24031500000000268640410109008000000000000000000000000000000000000000000000000000000000000000000000000000000000000002686400000000001620000000000000   270315                                         16                                                  000008
10213247845000128416070035008815055  43855                    0004385578          2014041630105001000003   306260315PED10192610004385578          26031500000000222870410109008000000000000000000000000000000000000000000000000000000000000000000000000000000000000002228700000000000000000000000000   270315                                         16                                                  000009
10213247845000128416070035008805076  43873                    0004387392                                   106260315PED78826190004387392          26031500000000426110410109008000000000000000000000000000000000000000000000000000000000000000000000000000000000000004261100000000000000000000000000   270315                                         13                                                  000010
10213247845000128416070035008815055  43895                    0004389522          2014041630105001000005   306260315PED10192620004389522          26031500000000166490410109008000000000000000000000000000000000000000000000000000000000000000000000000000000000000001664900000000000000000000000000   270315                                         16                                                  000011
10213247845000128416070035008815055  43915                    0004391586          2014041630105001000005   306260315PED34426200004391586          26031500000000120500014135108000000000000000000000000000000000000000000000000000000000000000000000000000000000000001205000000000000000000000000000   270315                                         12                                                  000012
10213247845000128416070035008815055  43918                    0004391829          2014041630105001000005   306260315PED36726200004391829          26031500000000136420410109008000000000000000000000000000000000000000000000000000000000000000000000000000000000000001364200000000000000000000000000   270315                                         11                                                  000013
10213247845000128416070035008805076  43919                    0004391918                                   106260315PED40626200004391918          26031500000000686520410109008000000000000000000000000000000000000000000000000000000000000000000000000000000000000006865200000000000000000000000000   270315                                         16                                                  000014
10213247845000128416070035008815055  43929                    0004392906          2013041630105001000013   306260315PED020604/0004392906          26031500000000105401044135108000000000000000000000000000000000000000000000000000000000000000000000000000000000000001054000000000000000000000000000   270315                                         15                                                  000015
10213247845000128416070035008815055  44058                    0004405862          2013041630105001000013   306260315PED10192620004405862          26031500000000072257564135108000000000000000000000000000000000000000000000000000000000000000000000000000000000000000722500000000000000000000000000   270315                                         13                                                  000016
10213247845000128416070035008815055  44087                    0004408756          2014041630105001000005   306260315PED10192620004408756          24031500000000257840414168808000000000000000000000000000000000000000000000000000000000000000000000000000000000000002578400000000001540000000000000   270315                                         11                                                  000017
10213247845000128416070035008815055  44244                    0004424425          2013041630105001000013   306260315PED10192620004424425          26031500000000088540410109008000000000000000000000000000000000000000000000000000000000000000000000000000000000000000885400000000000000000000000000   270315                                         16                                                  000018
10213247845000128416070035008805076  44265                    0004426576                                   106260315PED40626260004426576          26031500000000718150334135108000000000000000000000000000000000000000000000000000000000000000000000000000000000000007181500000000000000000000000000   270315                                         11                                                  000019
10213247845000128416070035008815055  44282                    0004428226          2014041630105001000014   306260315PED34426270004428226          26031500000000096541044135108000000000000000000000000000000000000000000000000000000000000000000000000000000000000000965400000000000000000000000000   270315                                         15                                                  000020
10213247845000128416070035008815055  44284                    0004428498          2014041630105001000014   306260315PED34426270004428498          26031500000000104201044135108000000000000000000000000000000000000000000000000000000000000000000000000000000000000001042000000000000000000000000000   270315                                         15                                                  000021
10213247845000128416070035008815055  44290                    0004429052          2014041630105001000003   306260315PED10192620004429052          26031500000000278320014135108000000000000000000000000000000000000000000000000000000000000000000000000000000000000002783200000000000000000000000000   270315                                         12                                                  000022
10213247845000128416070035008815055  44310                    0004431014          2014041630105001000003   306260315PED78826270004431014          26031500000000200802374135108000000000000000000000000000000000000000000000000000000000000000000000000000000000000002008000000000000000000000000000   270315                                         15                                                  000023
10213247845000128416070035008815055  44314                    0004431448          2014041630105001000005   306260315PED10222620004431448          26031500000000191971364135108000000000000000000000000000000000000000000000000000000000000000000000000000000000000001919700000000000000000000000000   270315                                         11                                                  000024
10213247845000128416070035008805076  44543                    0004454375                                   123270315PED34426320004454375          22031500000000141330411636508000000000000000000000000000000000000000000000000000000000000000000000000000000000000000000000000000000000000000000000                                                                                                      000025
10213247845000128416070035008805076  44581                    0004458176                                   106260315PED36726330004458176          23031500000000824710410109008000000000000000000000000000000000000000000000000000000000000000000000000000000000000008247100000000007410000000000000   270315                                         16                                                  000026
10213247845000128416070035008815055  44601                    0004460138          2013041630105001000013   306260315PED37526330004460138          26031500000000183430410109008000000000000000000000000000000000000000000000000000000000000000000000000000000000000001834300000000000000000000000000   270315                                         13                                                  000027
10213247845000128416070035008805076  44603                    0004460391                                   123270315PED37526330004460391          22031500000000146050419480308000000000000000000000000000000000000000000000000000000000000000000000000000000000000000000000000000000000000000000000                                                                                                      000028
10213247845000128416070035008815055  44628                    0004462866          2014041630105001000005   306260315PED10192630004462866          26031500000000318370410109008000000000000000000000000000000000000000000000000000000000000000000000000000000000000003183700000000000000000000000000   270315                                         13                                                  000029
10213247845000128416070035008815055  44638                    0004463854          2014041630105001000003   306260315PED36726330004463854          26031500000000130021044135108000000000000000000000000000000000000000000000000000000000000000000000000000000000000001300200000000000000000000000000   270315                                         15                                                  000030
10213247845000128416070035008805076  44655                    0004465598                                   106260315PED10192630004465598          26031500000000452721044135108000000000000000000000000000000000000000000000000000000000000000000000000000000000000004527200000000000000000000000000   270315                                         15                                                  000031
10213247845000128416070035008805076  44683                    0004468317                                   106260315PED78826310004468317          26031500000000301056344135108000000000000000000000000000000000000000000000000000000000000000000000000000000000000003010500000000000000000000000000   270315                                         15                                                  000032
10213247845000128416070035008815055  44706                    0004470605          2014041630105001000014   306260315PED020954/0004470605          27031500000000126641044135108000000000000000000000000000000000000000000000000000000000000000000000000000000000000001266400000000000000000000000000   270315                                         15                                                  000033
10213247845000128416070035008805076  44710                    0004471024                                   106260315PED020967/0004471024          30031500000000768281044135108000000000000000000000000000000000000000000000000000000000000000000000000000000000000007682800000000000000000000000000   270315                                         11                                                  000034
10213247845000128416070035008805076  44751                    0004475178                                   106260315PED37526380004475178          30031500000000200581044135108000000000000000000000000000000000000000000000000000000000000000000000000000000000000002005800000000000000000000000000   270315                                         15                                                  000035
10213247845000128416070035008805076  44814                    0004481429                                   132270315PED10192630004481429          31031500000000131400414168801000000000000000000000000000000000000000000000000000000000000000000000000000000000000001314000000000000000000000000000   270315                                          1                                                  000036
10213247845000128416070035008805076  44817                    0004481755                                   132270315PED10222630004481755          06041500000000194850414168801000000000000000000000000000000000000000000000000000000000000000000000000000000000000001948500000000000000000000000000   270315                                          1                                                  000037
10213247845000128416070035008805076  44818                    0004481836                                   132270315PED10222630004481836          06041500000000154890414168801000000000000000000000000000000000000000000000000000000000000000000000000000000000000001548900000000000000000000000000   270315                                          1                                                  000038
10213247845000128416070035008805998                           0004481917                                   106260315          0004481917          07041500000000179221044135100000000000020000000000000000000000000000000000000000000000000000000000000000000000000001792200000000000000000000000000   270315                                         15                                                  000039
10213247845000128416070035008805076  44820                    0004482093                                   132270315PED10222630004482093          07041500000000105120414168801000000000000000000000000000000000000000000000000000000000000000000000000000000000000001051200000000000000000000000000   270315                                          1                                                  000040
10213247845000128416070035008805998                           0004482174                                   106260315          0004482174          30031500000000299040410109000000000000020000000000000000000000000000000000000000000000000000000000000000000000000002990400000000000000000000000000   270315                                         16                                                  000041
10213247845000128416070035008805076  44823                    0004482336                                   132270315PED10222630004482336          07041500000000135720414168801000000000000000000000000000000000000000000000000000000000000000000000000000000000000001357200000000000000000000000000   270315                                          1                                                  000042
10213247845000128416070035008805076  44829                    0004482905                                   132270315PED10222630004482905          07041500000000154840414168801000000000000000000000000000000000000000000000000000000000000000000000000000000000000001548400000000000000000000000000   270315                                          1                                                  000043
10213247845000128416070035008805076  44833                    0004483324                                   132270315PED10222630004483324          31031500000000150990414168801000000000000000000000000000000000000000000000000000000000000000000000000000000000000001509900000000000000000000000000   270315                                          1                                                  000044
10213247845000128416070035008805076  44837                    0004483731                                   132270315PED10212630004483731          07041500000000107360414168801000000000000000000000000000000000000000000000000000000000000000000000000000000000000001073600000000000000000000000000   270315                                          1                                                  000045
10213247845000128416070035008805076  44840                    0004484088                                   132270315PED78826380004484088          31031500000000179390414168801000000000000000000000000000000000000000000000000000000000000000000000000000000000000001793900000000000000000000000000   270315                                          1                                                  000046
10213247845000128416070035008805076  44846                    0004484649                                   132270315PED10222630004484649          08041500000000186300414168801000000000000000000000000000000000000000000000000000000000000000000000000000000000000001863000000000000000000000000000   270315                                          1                                                  000047
10213247845000128416070035008805076  44850                    0004485068                                   132270315PED10222630004485068          07041500000000103200414168801000000000000000000000000000000000000000000000000000000000000000000000000000000000000001032000000000000000000000000000   270315                                          1                                                  000048
10213247845000128416070035008805076  44851                    0004485149                                   132270315PED10222630004485149          08041500000000178910414168801000000000000000000000000000000000000000000000000000000000000000000000000000000000000001789100000000000000000000000000   270315                                          1                                                  000049
10213247845000128416070035008805076  44852                    0004485238                                   132270315PED37526390004485238          01041500000000156850414168801000000000000000000000000000000000000000000000000000000000000000000000000000000000000001568500000000000000000000000000   270315                                          1                                                  000050
10213247845000128416070035008805076  44854                    0004485483                                   132270315PED36726380004485483          30031500000000132620414168801000000000000000000000000000000000000000000000000000000000000000000000000000000000000001326200000000000000000000000000   270315                                          1                                                  000051
10213247845000128416070035008805076  44869                    0004486978                                   132270315PED78826390004486978          08041500000000157890414168801000000000000000000000000000000000000000000000000000000000000000000000000000000000000001578900000000000000000000000000   270315                                          1                                                  000052
10213247845000128416070035008805076  44873                    0004487389                                   132270315PED78826390004487389          08041500000000117720414168801000000000000000000000000000000000000000000000000000000000000000000000000000000000000001177200000000000000000000000000   270315                                          1                                                  000053
10213247845000128416070035008805076  44875                    0004487532                                   132270315PED36726390004487532          08041500000000184650414168801000000000000000000000000000000000000000000000000000000000000000000000000000000000000001846500000000000000000000000000   270315                                          1                                                  000054
10213247845000128416070035008805076  44878                    0004487877                                   132270315PED40626390004487877          14041500000000170920414168801000000000000000000000000000000000000000000000000000000000000000000000000000000000000001709200000000000000000000000000   270315                                          1                                                  000055
10213247845000128416070035008805076  44881                    0004488113                                   132270315PED10192630004488113          08041500000000157390414168801000000000000000000000000000000000000000000000000000000000000000000000000000000000000001573900000000000000000000000000   270315                                          1                                                  000056
10213247845000128416070035008805076  44883                    0004488377                                   132270315PED10192630004488377          15041500000000108920414168801000000000000000000000000000000000000000000000000000000000000000000000000000000000000001089200000000000000000000000000   270315                                          1                                                  000057
10213247845000128416070035008805076  44884                    0004488458                                   132270315PED10192630004488458          07041500000000104440414168801000000000000000000000000000000000000000000000000000000000000000000000000000000000000001044400000000000000000000000000   270315                                          1                                                  000058
10213247845000128416070035008805076  44886                    0004488601                                   132270315PED10192640004488601          15041500000000196820414168801000000000000000000000000000000000000000000000000000000000000000000000000000000000000001968200000000000000000000000000   270315                                          1                                                  000059
10213247845000128416070035008805076  44891                    0004489101                                   132270315PED36726390004489101          14041500000000159640414168801000000000000000000000000000000000000000000000000000000000000000000000000000000000000001596400000000000000000000000000   270315                                          1                                                  000060
10213247845000128416070035008805076  44893                    0004489365                                   132270315PED10192640004489365          01041500000000108170414168801000000000000000000000000000000000000000000000000000000000000000000000000000000000000001081700000000000000000000000000   270315                                          1                                                  000061
10213247845000128416070035008805076  44895                    0004489519                                   132270315PED10192640004489519          08041500000000103230414168801000000000000000000000000000000000000000000000000000000000000000000000000000000000000001032300000000000000000000000000   270315                                          1                                                  000062
10213247845000128416070035008805076  44896                    0004489691                                   132270315PED37526390004489691          08041500000000197000414168801000000000000000000000000000000000000000000000000000000000000000000000000000000000000001970000000000000000000000000000   270315                                          1                                                  000063
9201041          000005410000002216428400000000 00000000000000000000000000034000000001108660                                                                                                                                                                                                                                                                                                              000064
