02RETORNO01COBRANCA       416070035008        DISTRIBUIDORA DE ALIMENTOS BIL041BANRISUL       30031501600BPI                                                                                                                                                                                                                                                                                              000001
10213247845000128416070035008805076  43332                    0004333268                                   123300315PED36726100004333268          23031500000000460970414168808000000000000000000000000000000000000000000000000000000000000000000000000000000000000000000000000000000000000000000000                                                                                                      000002
10213247845000128416070035008805076  43359                    0004335996                                   106270315PED40626100004335996          24031500000000581980414168808000000000000000000000000000000000000000000000000000000000000000000000000000000000000005819800000000005250000000000000   300315                                         11                                                  000003
10213247845000128416070035008805076  43611                    0004361148                                   106270315PED34426130004361148          27031500000000497621044135108000000000000000000000000000000000000000000000000000000000000000000000000000000000000004976200000000000000000000000000   300315                                         15                                                  000004
10213247845000128416070035008805076  43614                    0004361474                                   106270315PED34426130004361474          27031500000000568540410109008000000000000000000000000000000000000000000000000000000000000000000000000000000000000005685400000000000000000000000000   300315                                         16                                                  000005
10213247845000128416070035008805076  43679                    0004367901                                   123300315PED40626170004367901          23031500000001756990414168808000000000000000000000000000000000000000000000000000000000000000000000000000000000000000000000000000000000000000000000                                                                                                      000006
10213247845000128416070035008805076  43716                    0004371607                                   106270315PED40626170004371607          24031500000000467130414168808000000000000000000000000000000000000000000000000000000000000000000000000000000000000004671300000000004200000000000000   300315                                         11                                                  000007
10213247845000128416070035008815055  43871                    0004387139          2014041630105001000005   306270315PED34426190004387139          26031500000000307530411636508000000000000000000000000000000000000000000000000000000000000000000000000000000000000003075300000000000920000000000000   300315                                         11                                                  000008
10213247845000128416070035008805076  43930                    0004393074                                   106270315PED36726190004393074          26031500000000399640410109008000000000000000000000000000000000000000000000000000000000000000000000000000000000000003996400000000001200000000000000   300315                                         16                                                  000009
10213247845000128416070035008805076  43943                    0004394305                                   106270315PED10192610004394305          27031500000001074002374135108000000000000000000000000000000000000000000000000000000000000000000000000000000000000010740000000000000000000000000000   300315                                         15                                                  000010
10213247845000128416070035008805076  43947                    0004394712                                   106270315PED36726200004394712          27031500000000460690410109008000000000000000000000000000000000000000000000000000000000000000000000000000000000000004606900000000000000000000000000   300315                                         11                                                  000011
10213247845000128416070035008815055  43954                    0004395476          2014041630105001000003   306270315PED36726200004395476          27031500000000339421044135108000000000000000000000000000000000000000000000000000000000000000000000000000000000000003394200000000000000000000000000   300315                                         15                                                  000012
10213247845000128416070035008805076  43955                    0004395549                                   106270315PED78826210004395549          27031500000000513271044135108000000000000000000000000000000000000000000000000000000000000000000000000000000000000005132700000000000000000000000000   300315                                         15                                                  000013
10213247845000128416070035008815055  43965                    0004396537          2014041630105001000005   306270315PED78826170004396537          27031500000000308880410109008000000000000000000000000000000000000000000000000000000000000000000000000000000000000003088800000000000000000000000000   300315                                         11                                                  000014
10213247845000128416070035008805076  43984                    0004398440                                   106270315PED020630/0004398440          27031500000000609801044135108000000000000000000000000000000000000000000000000000000000000000000000000000000000000006098000000000000000000000000000   300315                                         15                                                  000015
10213247845000128416070035008805076  43995                    0004399501                                   106270315PED78826210004399501          27031500000000720000410109008000000000000000000000000000000000000000000000000000000000000000000000000000000000000007200000000000000000000000000000   300315                                         11                                                  000016
10213247845000128416070035008805076  44001                    0004400178                                   106270315PED78826240004400178          30031500000000437430410109008000000000000000000000000000000000000000000000000000000000000000000000000000000000000004374300000000000000000000000000   300315                                         16                                                  000017
10213247845000128416070035008805076  44044                    0004404467                                   123300315PED40626240004404467          23031500000000349420414168808000000000000000000000000000000000000000000000000000000000000000000000000000000000000000000000000000000000000000000000                                                                                                      000018
10213247845000128416070035008815055  44049                    0004404955          2014041630105001000003   306270315PED40626240004404955          30031500000000137141044135108000000000000000000000000000000000000000000000000000000000000000000000000000000000000001371400000000000000000000000000   300315                                         15                                                  000019
10213247845000128416070035008815055  44091                    0004409175          2014041630105001000003   306270315PED40626240004409175          24031500000000190320410109008000000000000000000000000000000000000000000000000000000000000000000000000000000000000001903200000000001710000000000000   300315                                         13                                                  000020
10213247845000128416070035008805076  44149                    0004414934                                   106270315PED36726250004414934          24031500000000379720410109008000000000000000000000000000000000000000000000000000000000000000000000000000000000000003797200000000003420000000000000   300315                                         16                                                  000021
10213247845000128416070035008815055  44203                    0004420381          2013041630105001000013   306270315PED36726260004420381          25031500000000116660417914608000000000000000000000000000000000000000000000000000000000000000000000000000000000000001166600000000000700000000000000   300315                                         11                                                  000022
10213247845000128416070035008815055  44304                    0004430441          2014041630105001000005   306270315PED10212620004430441          27031500000000314393414135108000000000000000000000000000000000000000000000000000000000000000000000000000000000000003143900000000000000000000000000   300315                                         17                                                  000023
10213247845000128416070035008815055  44319                    0004431928          2014041630105001000005   306270315PED37526270004431928          27031500000000162122374135108000000000000000000000000000000000000000000000000000000000000000000000000000000000000001621200000000000000000000000000   300315                                         15                                                  000024
10213247845000128416070035008815055  44330                    0004433092          2014041630105001000014   306270315PED78826280004433092          27031500000000326470410109008000000000000000000000000000000000000000000000000000000000000000000000000000000000000003264700000000000000000000000000   300315                                         11                                                  000025
10213247845000128416070035008815055  44333                    0004433335          2014041630105001000003   306270315PED40626280004433335          27031500000000271520410109008000000000000000000000000000000000000000000000000000000000000000000000000000000000000002715200000000000000000000000000   300315                                         16                                                  000026
10213247845000128416070035008815055  44335                    0004433580          2014041630105001000005   306270315PED10192620004433580          26031500000000154840414168808000000000000000000000000000000000000000000000000000000000000000000000000000000000000001548400000000000460000000000000   300315                                         11                                                  000027
10213247845000128416070035008815055  44337                    0004433742          2014041630105001000003   306270315PED78826270004433742          27031500000000231911044135108000000000000000000000000000000000000000000000000000000000000000000000000000000000000002319100000000000000000000000000   300315                                         15                                                  000028
10213247845000128416070035008815055  44338                    0004433823          2013041630105001000013   306270315PED36726280004433823          27031500000000306301044135108000000000000000000000000000000000000000000000000000000000000000000000000000000000000003063000000000000000000000000000   300315                                         15                                                  000029
10213247845000128416070035008815055  44343                    0004434323          2014041630105001000005   306270315PED36726280004434323          27031500000000119291044135108000000000000000000000000000000000000000000000000000000000000000000000000000000000000001192900000000000000000000000000   300315                                         12                                                  000030
10213247845000128416070035008805076  44362                    0004436229                                   106270315PED10212620004436229          27031500000001944000410109008000000000000000000000000000000000000000000000000000000000000000000000000000000000000019440000000000000000000000000000   300315                                         13                                                  000031
10213247845000128416070035008815055  44419                    0004441907          2013041630105001000013   306270315PED40626200004441907          26031500000000323030410109008000000000000000000000000000000000000000000000000000000000000000000000000000000000000003230300000000000970000000000000   300315                                         16                                                  000032
10213247845000128416070035008815055  44611                    0004461126          2014041630105001000003   306270315PED37526330004461126          26031500000000279500410109008000000000000000000000000000000000000000000000000000000000000000000000000000000000000002795000000000000840000000000000   300315                                         16                                                  000033
10213247845000128416070035008805076  44635                    0004463528                                   110300315PED40626330004463528          26031500000002237540414168808000000000000000000000000000000000000000000000000000000000000000000000000000000000000022375400000000000000000000000000   300315                                         1                                                   000034
10213247845000128416070035008815055  44675                    0004467574          2014041630105001000003   306270315PED34426340004467574          27031500000000182551044135108000000000000000000000000000000000000000000000000000000000000000000000000000000000000001825500000000000000000000000000   300315                                         15                                                  000035
10213247845000128416070035008805076  44684                    0004468406                                   106270315PED40626330004468406          27031500000000505833414135108000000000000000000000000000000000000000000000000000000000000000000000000000000000000005058300000000000000000000000000   300315                                         17                                                  000036
10213247845000128416070035008815055  44693                    0004469305          2014041630105001000003   306270315PED020930/0004469305          27031500000000228211044135108000000000000000000000000000000000000000000000000000000000000000000000000000000000000002282100000000000000000000000000   300315                                         15                                                  000037
10213247845000128416070035008805076  44768                    0004476808                                   106270315PED10212630004476808          27031500000000219840410109008000000000000000000000000000000000000000000000000000000000000000000000000000000000000002198400000000000000000000000000   300315                                         11                                                  000038
10213247845000128416070035008805076  44824                    0004482417                                   132300315PED10222630004482417          07041500000000220760414168801000000000000000000000000000000000000000000000000000000000000000000000000000000000000002207600000000000000000000000000   300315                                          1                                                  000039
10213247845000128416070035008805998                           0004482581                                   106270315          0004482581          07041500000000213081044135100000000000020000000000000000000000000000000000000000000000000000000000000000000000000002130800000000000000000000000000   300315                                         15                                                  000040
10213247845000128416070035008805076  44826                    0004482662                                   132300315PED78826380004482662          07041500000000204430414168801000000000000000000000000000000000000000000000000000000000000000000000000000000000000002044300000000000000000000000000   300315                                          1                                                  000041
10213247845000128416070035008805076  44827                    0004482743                                   132300315PED78826380004482743          07041500000000203040414168801000000000000000000000000000000000000000000000000000000000000000000000000000000000000002030400000000000000000000000000   300315                                          1                                                  000042
10213247845000128416070035008805076  44828                    0004482824                                   106270315PED10222630004482824          27031500000000119282374135108000000000000000000000000000000000000000000000000000000000000000000000000000000000000001192800000000000000000000000000   300315                                         15                                                  000043
10213247845000128416070035008805076  44836                    0004483650                                   106270315PED10222630004483650          27031500000000370651044135108000000000000000000000000000000000000000000000000000000000000000000000000000000000000003706500000000000000000000000000   300315                                         15                                                  000044
10213247845000128416070035008805076  44843                    0004484312                                   132300315PED10222630004484312          08041500000000301380414168801000000000000000000000000000000000000000000000000000000000000000000000000000000000000003013800000000000000000000000000   300315                                          1                                                  000045
10213247845000128416070035008805076  44844                    0004484495                                   132300315PED10222630004484495          01041500000000304950414168801000000000000000000000000000000000000000000000000000000000000000000000000000000000000003049500000000000000000000000000   300315                                          1                                                  000046
10213247845000128416070035008805076  44848                    0004484800                                   132300315PED34426390004484800          01041500000000265620414168801000000000000000000000000000000000000000000000000000000000000000000000000000000000000002656200000000000000000000000000   300315                                          1                                                  000047
10213247845000128416070035008805076  44853                    0004485300                                   132300315PED40626390004485300          22041500000000289740414168801000000000000000000000000000000000000000000000000000000000000000000000000000000000000002897400000000000000000000000000   300315                                          1                                                  000048
10213247845000128416070035008805076  44858                    0004485890                                   132300315PED37526390004485890          07041500000000246000414168801000000000000000000000000000000000000000000000000000000000000000000000000000000000000002460000000000000000000000000000   300315                                          1                                                  000049
10213247845000128416070035008805076  44859                    0004485971                                   132300315PED37526390004485971          08041500000000308220414168801000000000000000000000000000000000000000000000000000000000000000000000000000000000000003082200000000000000000000000000   300315                                          1                                                  000050
10213247845000128416070035008805076  44860                    0004486056                                   132300315PED36726390004486056          01041500000000271980414168801000000000000000000000000000000000000000000000000000000000000000000000000000000000000002719800000000000000000000000000   300315                                          1                                                  000051
10213247845000128416070035008805076  44865                    0004486544                                   132300315PED10212630004486544          31031500000000229900414168801000000000000000000000000000000000000000000000000000000000000000000000000000000000000002299000000000000000000000000000   300315                                          1                                                  000052
10213247845000128416070035008805076  44868                    0004486889                                   132300315PED78826390004486889          08041500000000215030414168801000000000000000000000000000000000000000000000000000000000000000000000000000000000000002150300000000000000000000000000   300315                                          1                                                  000053
10213247845000128416070035008805076  44872                    0004487206                                   132300315PED78826390004487206          08041500000000214440414168801000000000000000000000000000000000000000000000000000000000000000000000000000000000000002144400000000000000000000000000   300315                                          1                                                  000054
10213247845000128416070035008805076  44874                    0004487478                                   132300315PED78826390004487478          22041500000000304830414168801000000000000000000000000000000000000000000000000000000000000000000000000000000000000003048300000000000000000000000000   300315                                          1                                                  000055
10213247845000128416070035008805076  44879                    0004487958                                   132300315PED10192640004487958          08041500000000274300414168801000000000000000000000000000000000000000000000000000000000000000000000000000000000000002743000000000000000000000000000   300315                                          1                                                  000056
10213247845000128416070035008805076  44880                    0004488032                                   132300315PED10192630004488032          07041500000000213420414168801000000000000000000000000000000000000000000000000000000000000000000000000000000000000002134200000000000000000000000000   300315                                          1                                                  000057
10213247845000128416070035008805076  44885                    0004488520                                   132300315PED10192630004488520          08041500000000232450414168801000000000000000000000000000000000000000000000000000000000000000000000000000000000000002324500000000000000000000000000   300315                                          1                                                  000058
9201041          000005050000002052358000000000 00000000000000000000000000036000000001438258                                                                                                                                                                                                                                                                                                              000059
