02RETORNO01COBRANCA       416070035008        DISTRIBUIDORA DE ALIMENTOS BIL041BANRISUL       01041501600BPI                                                                                                                                                                                                                                                                                              000001
10213247845000128416070035008805076  43368                    0004336801                                   110010415PED40626100004336801          17031500000001214620414168808000000000000000000000062400000000000000000000000000000000000000000000000000000000000011522200000000000000000000000000   010415                                          7                                                  000002
10213247845000128416070035008805076  43485                    0004348524                                   115310315PED36726110004348524          18031500000000376430417914608000000000000000000000005700000000000000000000000000000000000000000000000000000000000003707300000000005650000000000000   010415                                         17                                                  000003
10213247845000128416070035008805076  43593                    0004359348                                   110010415PED40626130004359348          19031500000000779400414168808000000000000000000000053800000000000000000000000000000000000000000000000000000000000007256000000000000000000000000000   010415                                          7                                                  000004
10213247845000128416070035008805076  43699                    0004369998                                   106310315PED34426170004369998          31031500000000475890410109008000000000000000000000000000000000000000000000000000000000000000000000000000000000000004758900000000000000000000000000   010415                                         16                                                  000005
10213247845000128416070035008805076  43719                    0004371941                                   106310315PED34426170004371941          31031500000000547181044135108000000000000000000000000000000000000000000000000000000000000000000000000000000000000005471800000000000000000000000000   010415                                         15                                                  000006
10213247845000128416070035008805076  43944                    0004394488                                   123010415PED40626200004394488          27031500000001002400414168808000000000000000000000000000000000000000000000000000000000000000000000000000000000000000000000000000000000000000000000                                                                                                      000007
10213247845000128416070035008815055  44029                    0004402979          2014041630105001000005   306310315PED34426240004402979          30031500000000261550410109008000000000000000000000000000000000000000000000000000000000000000000000000000000000000002615500000000000780000000000000   010415                                         16                                                  000008
10213247845000128416070035008815055  44070                    0004407016          2014041630105001000003   306310315PED36726250004407016          31031500000000127741044135108000000000000000000000000000000000000000000000000000000000000000000000000000000000000001277400000000000000000000000000   010415                                         15                                                  000009
10213247845000128416070035008805076  44071                    0004407199                                   106310315PED36726250004407199          31031500000000529631044135108000000000000000000000000000000000000000000000000000000000000000000000000000000000000005296300000000000000000000000000   010415                                         15                                                  000010
10213247845000128416070035008815055  44102                    0004410238          2014041630105001000005   306310315PED78826240004410238          31031500000000316487484135108000000000000000000000000000000000000000000000000000000000000000000000000000000000000003164800000000000000000000000000   010415                                         13                                                  000011
10213247845000128416070035008815055  44124                    0004412478          2014041630105001000005   306310315PED020698/0004412478          31031500000000139611044135108000000000000000000000000000000000000000000000000000000000000000000000000000000000000001396100000000000000000000000000   010415                                         15                                                  000012
10213247845000128416070035008815055  44162                    0004416260          2014041630105001000003   306310315PED78826250004416260          31031500000000181290410109008000000000000000000000000000000000000000000000000000000000000000000000000000000000000001812900000000000000000000000000   010415                                         13                                                  000013
10213247845000128416070035008805076  44271                    0004427157                                   132010415PED78826270004427157          09041500000000410320414168801000000000000000000000000000000000000000000000000000000000000000000000000000000000000004103200000000000000000000000000   010415                                          1                                                  000014
10213247845000128416070035008805076  44296                    0004429621                                   132010415PED78826260004429621          03041500000000406650414168801000000000000000000000000000000000000000000000000000000000000000000000000000000000000004066500000000000000000000000000   010415                                          1                                                  000015
10213247845000128416070035008815055  44351                    0004435168          2014041630105001000003   323010415PED10222620004435168          27031500000000288030417856508000000000000000000000000000000000000000000000000000000000000000000000000000000000000000000000000000000000000000000000                                                                                                      000016
10213247845000128416070035008805998                           0004435729                                   106310315          0004435729          03041500000000225451044135100000000000020000000000000000000000000000000000000000000000000000000000000000000000000002254500000000000000000000000000   010415                                         15                                                  000017
10213247845000128416070035008805076  44359                    0004435982                                   132010415PED40626280004435982          10041500000000416870414168801000000000000000000000000000000000000000000000000000000000000000000000000000000000000004168700000000000000000000000000   010415                                          1                                                  000018
10213247845000128416070035008805076  44361                    0004436148                                   132010415PED37526280004436148          10041500000000398640414168801000000000000000000000000000000000000000000000000000000000000000000000000000000000000003986400000000000000000000000000   010415                                          1                                                  000019
10213247845000128416070035008815055  44416                    0004441664          2014041630105001000003   306310315PED37526310004441664          30031500000000236290410109008000000000000000000000000000000000000000000000000000000000000000000000000000000000000002362900000000000710000000000000   010415                                         16                                                  000020
10213247845000128416070035008805076  44420                    0004442083                                   132010415PED36726310004442083          07041500000000392740414168801000000000000000000000000000000000000000000000000000000000000000000000000000000000000003927400000000000000000000000000   010415                                          1                                                  000021
10213247845000128416070035008805076  44421                    0004442164                                   132010415PED36726310004442164          07041500000000392730414168801000000000000000000000000000000000000000000000000000000000000000000000000000000000000003927300000000000000000000000000   010415                                          1                                                  000022
10213247845000128416070035008805076  44423                    0004442326                                   106310315PED020833/0004442326          31031500000000416670410109008000000000000000000000000000000000000000000000000000000000000000000000000000000000000004166700000000000000000000000000   010415                                         13                                                  000023
10213247845000128416070035008815055  44441                    0004444140          2014041630105001000014   306310315PED10192630004444140          31031500000000122647564135108000000000000000000000000000000000000000000000000000000000000000000000000000000000000001226400000000000000000000000000   010415                                         11                                                  000024
10213247845000128416070035008815055  44466                    0004446615          2014041630105001000003   306310315PED10222630004446615          31031500000000247840412329908000000000000000000000000000000000000000000000000000000000000000000000000000000000000002478400000000000000000000000000   010415                                         11                                                  000025
10213247845000128416070035008805076  44470                    0004447034                                   106310315PED78826310004447034          31031500000000414982374135108000000000000000000000000000000000000000000000000000000000000000000000000000000000000004149800000000000000000000000000   010415                                         15                                                  000026
10213247845000128416070035008815055  44471                    0004447115          2014041630105001000003   306310315PED37526320004447115          31031500000000136470410109008000000000000000000000000000000000000000000000000000000000000000000000000000000000000001364700000000000000000000000000   010415                                         13                                                  000027
10213247845000128416070035008805076  44472                    0004447298                                   106310315PED78826310004447298          31031500000000583456344135108000000000000000000000000000000000000000000000000000000000000000000000000000000000000005834500000000000000000000000000   010415                                         15                                                  000028
10213247845000128416070035008815055  44478                    0004447867          2014041630105001000005   306310315PED10212630004447867          31031500000000104042374135108000000000000000000000000000000000000000000000000000000000000000000000000000000000000001040400000000000000000000000000   010415                                         13                                                  000029
10213247845000128416070035008805076  44481                    0004448103                                   106310315PED10222630004448103          31031500000000842860410109008000000000000000000000000000000000000000000000000000000000000000000000000000000000000008428600000000000000000000000000   010415                                         16                                                  000030
10213247845000128416070035008815055  44484                    0004448448          2014041630105001000005   306310315PED10222630004448448          31031500000000113730410109008000000000000000000000000000000000000000000000000000000000000000000000000000000000000001137300000000000000000000000000   010415                                         16                                                  000031
10213247845000128416070035008815055  44490                    0004449010          2014041630105001000003   306310315PED36726320004449010          31031500000000215572374135108000000000000000000000000000000000000000000000000000000000000000000000000000000000000002155700000000000000000000000000   010415                                         15                                                  000032
10213247845000128416070035008815055  44495                    0004449509          2014041630105001000003   306310315PED10222630004449509          01041500000000132210410109008000000000000000000000000000000000000000000000000000000000000000000000000000000000000001322100000000000000000000000000   010415                                         13                                                  000033
10213247845000128416070035008815055  44536                    0004453611          2014041630105001000003   306310315PED36726320004453611          31031500000000133600410109008000000000000000000000000000000000000000000000000000000000000000000000000000000000000001336000000000000000000000000000   010415                                         13                                                  000034
10213247845000128416070035008815055  44540                    0004454030          2014041630105001000003   306310315PED36726320004454030          31031500000000242041044135108000000000000000000000000000000000000000000000000000000000000000000000000000000000000002420400000000000000000000000000   010415                                         12                                                  000035
10213247845000128416070035008805076  44552                    0004455282                                   132010415PED78826330004455282          15041500000000422220414168801000000000000000000000000000000000000000000000000000000000000000000000000000000000000004222200000000000000000000000000   010415                                          1                                                  000036
10213247845000128416070035008815055  44574                    0004457420          2013041630105001000013   306310315PED34426330004457420          28031500000000175840415165908000000000000000000000000000000000000000000000000000000000000000000000000000000000000001758400000000001590000000000000   010415                                         11                                                  000037
10213247845000128416070035008815055  44588                    0004458826          2014041630105001000003   306310315PED10212630004458826          01041500000000134883414135108000000000000000000000000000000000000000000000000000000000000000000000000000000000000001348800000000000000000000000000   010415                                         11                                                  000038
10213247845000128416070035008805076  44591                    0004459164                                   132010415PED78826330004459164          08041500000000410710414168801000000000000000000000000000000000000000000000000000000000000000000000000000000000000004107100000000000000000000000000   010415                                          1                                                  000039
10213247845000128416070035008805076  44616                    0004461614                                   132010415PED37526330004461614          16041500000000416590414168801000000000000000000000000000000000000000000000000000000000000000000000000000000000000004165900000000000000000000000000   010415                                          1                                                  000040
10213247845000128416070035008805076  44623                    0004462378                                   106310315PED36726330004462378          26031500000000795410416065808000000000000000000000000000000000000000000000000000000000000000000000000000000000000007954100000000011950000000000000   010415                                         11                                                  000041
10213247845000128416070035008815055  44676                    0004467655          2014041630105001000003   306310315PED10222630004467655          03041500000000257350410109008000000000000000000000000000000000000000000000000000000000000000000000000000000000000002573500000000000000000000000000   010415                                         16                                                  000042
10213247845000128416070035008805076  44688                    0004468805                                   132010415PED020925/0004468805          03041500000000401890414168801000000000000000000000000000000000000000000000000000000000000000000000000000000000000004018900000000000000000000000000   010415                                          1                                                  000043
10213247845000128416070035008805076  44696                    0004469631                                   132010415PED10222630004469631          03041500000000419350414168801000000000000000000000000000000000000000000000000000000000000000000000000000000000000004193500000000000000000000000000   010415                                          1                                                  000044
10213247845000128416070035008805076  44700                    0004470036                                   123310315PED10212630004470036          23031500000000162010417856508000000000000000000000000000000000000000000000000000000000000000000000000000000000000000000000000000000000000000000000                                                                                                      000045
10213247845000128416070035008805076  44713                    0004471369                                   106310315PED34426350004471369          30031500000000538110410109008000000000000000000000000000000000000000000000000000000000000000000000000000000000000005381100000000001610000000000000   010415                                         16                                                  000046
10213247845000128416070035008805076  44730                    0004473000                                   132010415PED78826380004473000          13041500000000409850414168801000000000000000000000000000000000000000000000000000000000000000000000000000000000000004098500000000000000000000000000   010415                                          1                                                  000047
10213247845000128416070035008815055  44765                    0004476565          2014041630105001000003   306310315PED10212630004476565          31031500000000242770410109008000000000000000000000000000000000000000000000000000000000000000000000000000000000000002427700000000000000000000000000   010415                                         13                                                  000048
10213247845000128416070035008815055  44775                    0004477553          2013041630105001000013   306310315PED37526380004477553          31031500000000137001044135108000000000000000000000000000000000000000000000000000000000000000000000000000000000000001370000000000000000000000000000   010415                                         15                                                  000049
10213247845000128416070035008815055  44780                    0004478053          2013041630105001000013   306310315PED10192630004478053          31031500000000117397564135108000000000000000000000000000000000000000000000000000000000000000000000000000000000000001173900000000000000000000000000   010415                                         11                                                  000050
10213247845000128416070035008815055  44788                    0004478886          2013041630105001000013   306310315PED10192630004478886          31031500000000111142374135108000000000000000000000000000000000000000000000000000000000000000000000000000000000000001111400000000000000000000000000   010415                                         15                                                  000051
10213247845000128416070035008805076  44797                    0004479793                                   106310315PED36726390004479793          31031500000000411900334135108000000000000000000000000000000000000000000000000000000000000000000000000000000000000004119000000000000000000000000000   010415                                         12                                                  000052
10213247845000128416070035008805076  44798                    0004479874                                   123010415PED34426390004479874          27031500000000099320414168808000000000000000000000000000000000000000000000000000000000000000000000000000000000000000000000000000000000000000000000                                                                                                      000053
10213247845000128416070035008805076  44811                    0004481186                                   106310315PED36726390004481186          30031500000000927152374135108000000000000000000000000000000000000000000000000000000000000000000000000000000000000009271500000000000000000000000000   010415                                         15                                                  000054
10213247845000128416070035008805076  44812                    0004481267                                   106310315PED34426390004481267          31031500000000513601044135108000000000000000000000000000000000000000000000000000000000000000000000000000000000000005136000000000000000000000000000   010415                                         15                                                  000055
10213247845000128416070035008815055  44814                    0004481429          2014041630105001000005   306310315PED10192630004481429          31031500000000131400410109008000000000000000000000000000000000000000000000000000000000000000000000000000000000000001314000000000000000000000000000   010415                                         16                                                  000056
10213247845000128416070035008805076  44831                    0004483162                                   106310315PED10222630004483162          27031500000000126410410109008000000000000000000000000000000000000000000000000000000000000000000000000000000000000001264100000000001520000000000000   010415                                         13                                                  000057
10213247845000128416070035008805076  44847                    0004484738                                   106310315PED10212630004484738          28031500000000252740412907608000000000000000000000000000000000000000000000000000000000000000000000000000000000000002527400000000002280000000000000   010415                                         11                                                  000058
10213247845000128416070035008815055  44865                    0004486544          2014041630105001000003   306310315PED10212630004486544          31031500000000229900334135108000000000000000000000000000000000000000000000000000000000000000000000000000000000000002299000000000000000000000000000   010415                                         17                                                  000059
10213247845000128416070035008805076  44889                    0004488946                                   132010415PED10192640004488946          08041500000000415830414168801000000000000000000000000000000000000000000000000000000000000000000000000000000000000004158300000000000000000000000000   010415                                          1                                                  000060
10213247845000128416070035008805998                           0004490665                                   106310315          0004490665          01041500000000177771044135100000000000020000000000000000000000000000000000000000000000000000000000000000000000000001777700000000000000000000000000   010415                                         15                                                  000061
10213247845000128416070035008805998                           0004496450                                   106310315          0004496450          31031500000001028491044135100000000000020000000000000000000000000000000000000000000000000000000000000000000000000010284900000000000000000000000000   010415                                         13                                                  000062
10213247845000128416070035008805998                           0004499913                                   106310315          0004499913          03041500000000352760416973600000000000020000000000000000000000000000000000000000000000000000000000000000000000000003527600000000000000000000000000   010415                                         11                                                  000063
10213247845000128416070035008805076  45079                    0004507916                                   102010415PED34426450004507916          13041500000000323430414168808000000000020000000000000000000000000000000000000000000000000000000000000000000000000000000000000000000000000000000000                                                                                                      000064
10213247845000128416070035008805076  45080                    0004508092                                   102010415PED34426450004508092          20041500000000383270414168808000000000020000000000000000000000000000000000000000000000000000000000000000000000000000000000000000000000000000000000                                                                                                      000065
10213247845000128416070035008805076  45081                    0004508173                                   102010415PED40626450004508173          20041500000000986960419480308000000000020000000000000000000000000000000000000000000000000000000000000000000000000000000000000000000000000000000000                                                                                                      000066
10213247845000128416070035008805076  45082                    0004508254                                   102010415PED37526450004508254          27041500000000160950419407208000000000020000000000000000000000000000000000000000000000000000000000000000000000000000000000000000000000000000000000                                                                                                      000067
10213247845000128416070035008805076  45083                    0004508335                                   102010415PED40626450004508335          20041500000001652520414168808000000000020000000000000000000000000000000000000000000000000000000000000000000000000000000000000000000000000000000000                                                                                                      000068
10213247845000128416070035008805076  45084                    0004508416                                   102010415PED40626450004508416          20041500000000585650414168808000000000020000000000000000000000000000000000000000000000000000000000000000000000000000000000000000000000000000000000                                                                                                      000069
10213247845000128416070035008805076  45085                    0004508580                                   102010415PED40626450004508580          27041500000000585650414168808000000000020000000000000000000000000000000000000000000000000000000000000000000000000000000000000000000000000000000000                                                                                                      000070
10213247845000128416070035008805076  45086                    0004508661                                   102010415PED78826450004508661          13041500000000195010411636508000000000020000000000000000000000000000000000000000000000000000000000000000000000000000000000000000000000000000000000                                                                                                      000071
10213247845000128416070035008805076  45089                    0004508904                                   102010415PED34426450004508904          27041500000000259990414168808000000000020000000000000000000000000000000000000000000000000000000000000000000000000000000000000000000000000000000000                                                                                                      000072
10213247845000128416070035008805076  45090                    0004509080                                   102010415PED36726450004509080          13041500000000337550411636508000000000020000000000000000000000000000000000000000000000000000000000000000000000000000000000000000000000000000000000                                                                                                      000073
10213247845000128416070035008805076  45092                    0004509242                                   102010415PED40626450004509242          13041500000000201380414168808000000000020000000000000000000000000000000000000000000000000000000000000000000000000000000000000000000000000000000000                                                                                                      000074
10213247845000128416070035008805076  45093                    0004509323                                   102010415PED37526450004509323          06041500000000156920414168808000000000020000000000000000000000000000000000000000000000000000000000000000000000000000000000000000000000000000000000                                                                                                      000075
10213247845000128416070035008805076  45094                    0004509404                                   102010415PED34426450004509404          27041500000000082120414168808000000000020000000000000000000000000000000000000000000000000000000000000000000000000000000000000000000000000000000000                                                                                                      000076
10213247845000128416070035008805076  45095                    0004509579                                   102010415PED37526450004509579          13041500000000232000416106908000000000020000000000000000000000000000000000000000000000000000000000000000000000000000000000000000000000000000000000                                                                                                      000077
10213247845000128416070035008805076  45096                    0004509668                                   102010415PED10212640004509668          13041500000000111930412907608000000000020000000000000000000000000000000000000000000000000000000000000000000000000000000000000000000000000000000000                                                                                                      000078
10213247845000128416070035008805076  45098                    0004509811                                   102010415PED34426450004509811          20041500000000147470411636508000000000020000000000000000000000000000000000000000000000000000000000000000000000000000000000000000000000000000000000                                                                                                      000079
10213247845000128416070035008805076  45099                    0004509994                                   102010415PED37526450004509994          13041500000000466380414168808000000000020000000000000000000000000000000000000000000000000000000000000000000000000000000000000000000000000000000000                                                                                                      000080
10213247845000128416070035008805076  45100                    0004510054                                   102010415PED37526450004510054          13041500000000397950414168808000000000020000000000000000000000000000000000000000000000000000000000000000000000000000000000000000000000000000000000                                                                                                      000081
10213247845000128416070035008805076  45101                    0004510135                                   102010415PED34426450004510135          21041500000000394870411636508000000000020000000000000000000000000000000000000000000000000000000000000000000000000000000000000000000000000000000000                                                                                                      000082
10213247845000128416070035008805076  45102                    0004510216                                   102010415PED37526450004510216          21041500000000288720411636508000000000020000000000000000000000000000000000000000000000000000000000000000000000000000000000000000000000000000000000                                                                                                      000083
10213247845000128416070035008805076  45103                    0004510399                                   102010415PED10212640004510399          14041500000000155000412907608000000000020000000000000000000000000000000000000000000000000000000000000000000000000000000000000000000000000000000000                                                                                                      000084
10213247845000128416070035008805076  45104                    0004510488                                   102010415PED37526450004510488          07041500000000142230419407208000000000020000000000000000000000000000000000000000000000000000000000000000000000000000000000000000000000000000000000                                                                                                      000085
10213247845000128416070035008805076  45105                    0004510542                                   102010415PED37526450004510542          21041500000000363540419407208000000000020000000000000000000000000000000000000000000000000000000000000000000000000000000000000000000000000000000000                                                                                                      000086
10213247845000128416070035008805076  45106                    0004510623                                   102010415PED37526450004510623          14041500000000225610419407208000000000020000000000000000000000000000000000000000000000000000000000000000000000000000000000000000000000000000000000                                                                                                      000087
10213247845000128416070035008805076  45107                    0004510704                                   102010415PED40626450004510704          14041500000000115200414168808000000000020000000000000000000000000000000000000000000000000000000000000000000000000000000000000000000000000000000000                                                                                                      000088
10213247845000128416070035008805076  45108                    0004510887                                   102010415PED34426450004510887          07041500000000271580414168808000000000020000000000000000000000000000000000000000000000000000000000000000000000000000000000000000000000000000000000                                                                                                      000089
10213247845000128416070035008805076  45109                    0004510968                                   102010415PED34426450004510968          14041500000000507200414168808000000000020000000000000000000000000000000000000000000000000000000000000000000000000000000000000000000000000000000000                                                                                                      000090
10213247845000128416070035008805076  45110                    0004511042                                   102010415PED34426390004511042          07041500000000284920411974708000000000020000000000000000000000000000000000000000000000000000000000000000000000000000000000000000000000000000000000                                                                                                      000091
10213247845000128416070035008805076  45112                    0004511204                                   102010415PED37526450004511204          07041500000000428180411974708000000000020000000000000000000000000000000000000000000000000000000000000000000000000000000000000000000000000000000000                                                                                                      000092
10213247845000128416070035008805076  45113                    0004511387                                   102010415PED34426450004511387          14041500000000286560411974708000000000020000000000000000000000000000000000000000000000000000000000000000000000000000000000000000000000000000000000                                                                                                      000093
10213247845000128416070035008805076  45115                    0004511530                                   102010415PED10192640004511530          05041500000000342290416973608000000000020000000000000000000000000000000000000000000000000000000000000000000000000000000000000000000000000000000000                                                                                                      000094
10213247845000128416070035008805076  45116                    0004511611                                   102010415PED10192640004511611          06041500000000105950416973608000000000020000000000000000000000000000000000000000000000000000000000000000000000000000000000000000000000000000000000                                                                                                      000095
10213247845000128416070035008805076  45118                    0004511875                                   102010415PED10192640004511875          17041500000000072250416973608000000000020000000000000000000000000000000000000000000000000000000000000000000000000000000000000000000000000000000000                                                                                                      000096
10213247845000128416070035008805076  45119                    0004511956                                   102010415PED10192640004511956          06041500000000105150419480308000000000020000000000000000000000000000000000000000000000000000000000000000000000000000000000000000000000000000000000                                                                                                      000097
10213247845000128416070035008805076  45121                    0004512111                                   102010415PED10192640004512111          21041500000000111880416973608000000000020000000000000000000000000000000000000000000000000000000000000000000000000000000000000000000000000000000000                                                                                                      000098
10213247845000128416070035008805076  45122                    0004512294                                   102010415PED34426450004512294          05041500000000167340411636508000000000020000000000000000000000000000000000000000000000000000000000000000000000000000000000000000000000000000000000                                                                                                      000099
10213247845000128416070035008805076  45125                    0004512529                                   102010415PED021132/0004512529          14041500000000321300414168808000000000020000000000000000000000000000000000000000000000000000000000000000000000000000000000000000000000000000000000                                                                                                      000100
10213247845000128416070035008805076  45126                    0004512618                                   102010415PED40626450004512618          21041500000000198720414168808000000000020000000000000000000000000000000000000000000000000000000000000000000000000000000000000000000000000000000000                                                                                                      000101
10213247845000128416070035008805076  45127                    0004512782                                   102010415PED40626450004512782          07041500000000593580414168808000000000020000000000000000000000000000000000000000000000000000000000000000000000000000000000000000000000000000000000                                                                                                      000102
10213247845000128416070035008805076  45128                    0004512863                                   102010415PED40626450004512863          07041500000000593580414168808000000000020000000000000000000000000000000000000000000000000000000000000000000000000000000000000000000000000000000000                                                                                                      000103
10213247845000128416070035008805076  45129                    0004512944                                   102010415PED10192640004512944          07041500000000153800419480308000000000020000000000000000000000000000000000000000000000000000000000000000000000000000000000000000000000000000000000                                                                                                      000104
10213247845000128416070035008805076  45130                    0004513029                                   102010415PED10192640004513029          03041500000000217400419407208000000000020000000000000000000000000000000000000000000000000000000000000000000000000000000000000000000000000000000000                                                                                                      000105
10213247845000128416070035008805076  45131                    0004513118                                   102010415PED021136/0004513118          06041500000000965120417914608000000000020000000000000000000000000000000000000000000000000000000000000000000000000000000000000000000000000000000000                                                                                                      000106
10213247845000128416070035008805076  45132                    0004513282                                   102010415PED021130/0004513282          14041500000000565800417914608000000000020000000000000000000000000000000000000000000000000000000000000000000000000000000000000000000000000000000000                                                                                                      000107
10213247845000128416070035008805076  45133                    0004513363                                   102010415PED36726460004513363          21041500000000312330414168808000000000020000000000000000000000000000000000000000000000000000000000000000000000000000000000000000000000000000000000                                                                                                      000108
10213247845000128416070035008805076  45134                    0004513444                                   102010415PED36726460004513444          14041500000000286070414168808000000000020000000000000000000000000000000000000000000000000000000000000000000000000000000000000000000000000000000000                                                                                                      000109
10213247845000128416070035008805076  45135                    0004513517                                   102010415PED40626460004513517          28041500000000494000414168808000000000020000000000000000000000000000000000000000000000000000000000000000000000000000000000000000000000000000000000                                                                                                      000110
10213247845000128416070035008805076  45136                    0004513606                                   102010415PED40626460004513606          14041500000000228060414168808000000000020000000000000000000000000000000000000000000000000000000000000000000000000000000000000000000000000000000000                                                                                                      000111
10213247845000128416070035008805076  45137                    0004513770                                   102010415PED36726450004513770          21041500000000349990411636508000000000020000000000000000000000000000000000000000000000000000000000000000000000000000000000000000000000000000000000                                                                                                      000112
10213247845000128416070035008805076  45139                    0004513932                                   102010415PED10192640004513932          14041500000001151730416973608000000000020000000000000000000000000000000000000000000000000000000000000000000000000000000000000000000000000000000000                                                                                                      000113
10213247845000128416070035008805076  45140                    0004514017                                   102010415PED36726460004514017          14041500000000607710417914608000000000020000000000000000000000000000000000000000000000000000000000000000000000000000000000000000000000000000000000                                                                                                      000114
10213247845000128416070035008805076  45141                    0004514106                                   102010415PED37526450004514106          21041500000000468300419407208000000000020000000000000000000000000000000000000000000000000000000000000000000000000000000000000000000000000000000000                                                                                                      000115
10213247845000128416070035008805076  45142                    0004514270                                   102010415PED021133/0004514270          28041500000000744920412907608000000000020000000000000000000000000000000000000000000000000000000000000000000000000000000000000000000000000000000000                                                                                                      000116
10213247845000128416070035008805076  45143                    0004514351                                   102010415PED10212640004514351          14041500000000195240412907608000000000020000000000000000000000000000000000000000000000000000000000000000000000000000000000000000000000000000000000                                                                                                      000117
10213247845000128416070035008805076  45144                    0004514432                                   102010415PED34426460004514432          07041500000000453900412907608000000000020000000000000000000000000000000000000000000000000000000000000000000000000000000000000000000000000000000000                                                                                                      000118
10213247845000128416070035008805076  45145                    0004514505                                   102010415PED37526460004514505          28041500000000510050411636508000000000020000000000000000000000000000000000000000000000000000000000000000000000000000000000000000000000000000000000                                                                                                      000119
10213247845000128416070035008805076  45146                    0004514688                                   102010415PED78826460004514688          05041500000000460100411636508000000000020000000000000000000000000000000000000000000000000000000000000000000000000000000000000000000000000000000000                                                                                                      000120
10213247845000128416070035008805076  45147                    0004514769                                   102010415PED36726460004514769          14041500000000558580417914608000000000020000000000000000000000000000000000000000000000000000000000000000000000000000000000000000000000000000000000                                                                                                      000121
10213247845000128416070035008805076  45149                    0004514920                                   102010415PED40626460004514920          14041500000000166680414168808000000000020000000000000000000000000000000000000000000000000000000000000000000000000000000000000000000000000000000000                                                                                                      000122
10213247845000128416070035008805076  45150                    0004515005                                   102010415PED40626460004515005          14041500000000332220414168808000000000020000000000000000000000000000000000000000000000000000000000000000000000000000000000000000000000000000000000                                                                                                      000123
10213247845000128416070035008805076  45151                    0004515188                                   102010415PED40626460004515188          21041500000000332220414168808000000000020000000000000000000000000000000000000000000000000000000000000000000000000000000000000000000000000000000000                                                                                                      000124
10213247845000128416070035008805076  45152                    0004515269                                   102010415PED10192640004515269          21041500000000170880414168808000000000020000000000000000000000000000000000000000000000000000000000000000000000000000000000000000000000000000000000                                                                                                      000125
10213247845000128416070035008805076  45153                    0004515358                                   102010415PED10192640004515358          14041500000000242820414168808000000000020000000000000000000000000000000000000000000000000000000000000000000000000000000000000000000000000000000000                                                                                                      000126
10213247845000128416070035008805076  45154                    0004515420                                   102010415PED10192640004515420          14041500000000445830414168808000000000020000000000000000000000000000000000000000000000000000000000000000000000000000000000000000000000000000000000                                                                                                      000127
10213247845000128416070035008805076  45155                    0004515595                                   102010415PED10192640004515595          14041500000000143010414168808000000000020000000000000000000000000000000000000000000000000000000000000000000000000000000000000000000000000000000000                                                                                                      000128
10213247845000128416070035008805076  45156                    0004515676                                   102010415PED40626460004515676          14041500000000393270414168808000000000020000000000000000000000000000000000000000000000000000000000000000000000000000000000000000000000000000000000                                                                                                      000129
9201041          000004410000001800378500000000 00000660000000024292810000043000000001378565                                                                                                                                                                                                                                                                                                              000130
