02RETORNO01COBRANCA       416070035008        DISTRIBUIDORA DE ALIMENTOS BIL041BANRISUL       10041501600BPI                                                                                                                                                                                                                                                                                              000001
10213247845000128416070035008805076  45558                    0004555848                                    03100415PED37526550004555848          1604150000000036229041       000000000000000000000000000000000000000000000000000000000000000000000000000000000000000000000000000000000000000000000                                                                                          49          000002
10213247845000128416070035008805076  43748                    0004374835                                   115090415PED40626170004374835          24031500000000383790414168808000000000000000000000005700000000000000000000000000000000000000000000000000000000000003780900000000006900000000000000   100415                                         17                                                  000003
10213247845000128416070035008805076  43859                    0004385985                                   110100415PED10192610004385985          25031500000000103140414168808000000000000000000000041300000000000000000000000000000000000000000000000000000000000000618400000000000000000000000000   100415                                          7                                                  000004
10213247845000128416070035008805076  43944                    0004394488                                   110100415PED40626200004394488          27031500000001002400414168808000000000000000000000056500000000000000000000000000000000000000000000000000000000000009459000000000000000000000000000   100415                                          7                                                  000005
10213247845000128416070035008805076  44093                    0004409337                                   115090415PED10192620004409337          24031500000000366540416973608000000000000000000000005700000000000000000000000000000000000000000000000000000000000003608400000000006600000000000000   100415                                         17                                                  000006
10213247845000128416070035008805998                           0004418816                                   11010041500044188160004418816          10041500000000516470411636500000000000000000000000027600000000000000000000000000000000000000000000000000000000000004888700000000000000000000000000   100415                                          7                                                  000007
10213247845000128416070035008805076  44241                    0004424182                                   115090415PED10192620004424182          25031500000000107370414168808000000000000000000000005700000000000000000000000000000000000000000000000000000000000001016700000000001600000000000000   100415                                         17                                                  000008
10213247845000128416070035008815055  44271                    0004427157          2014041630105001000003   306090415PED78826270004427157          09041500000000410320334135108000000000000000000000000000000000000000000000000000000000000000000000000000000000000004103200000000000000000000000000   100415                                         17                                                  000009
10213247845000128416070035008815055  44272                    0004427238          2014041630105001000003   306090415PED78826270004427238          09041500000000422890334135108000000000000000000000000000000000000000000000000000000000000000000000000000000000000004228900000000000000000000000000   100415                                         17                                                  000010
10213247845000128416070035008805076  44289                    0004428978                                   106090415PED78826250004428978          09041500000001245970014135108000000000000000000000000000000000000000000000000000000000000000000000000000000000000012459700000000000000000000000000   100415                                         11                                                  000011
10213247845000128416070035008815055  44364                    0004436482          2013041630105001000013   306090415PED36726310004436482          06041500000000192560413087208000000000000000000000000000000000000000000000000000000000000000000000000000000000000001925600000000001740000000000000   100415                                         11                                                  000012
10213247845000128416070035008805076  44434                    0004443497                                   115090415PED37526310004443497          23031500000000104460419407208000000000000000000000005700000000000000000000000000000000000000000000000000000000000000987600000000001240000000000000   100415                                         17                                                  000013
10213247845000128416070035008815055  44606                    0004460626          2014041630105001000003   306090415PED34426330004460626          09041500000000382683994135108000000000000000000000000000000000000000000000000000000000000000000000000000000000000003826800000000000000000000000000   100415                                         13                                                  000014
10213247845000128416070035008805076  44610                    0004461045                                   106090415PED78826330004461045          09041500000000575670410109008000000000000000000000000000000000000000000000000000000000000000000000000000000000000005756700000000000000000000000000   100415                                         13                                                  000015
10213247845000128416070035008815055  44615                    0004461533          2014041630105001000003   306090415PED78826320004461533          09041500000000241081044135108000000000000000000000000000000000000000000000000000000000000000000000000000000000000002410800000000000000000000000000   100415                                         15                                                  000016
10213247845000128416070035008815055  44621                    0004462114          2013041630105001000013   306090415PED10192630004462114          09041500000000191532374135108000000000000000000000000000000000000000000000000000000000000000000000000000000000000001915300000000000000000000000000   100415                                         15                                                  000017
10213247845000128416070035008815055  44639                    0004463935          2014041630105001000003   306090415PED78826340004463935          09041500000000198781044135108000000000000000000000000000000000000000000000000000000000000000000000000000000000000001987800000000000000000000000000   100415                                         12                                                  000018
10213247845000128416070035008815055  44648                    0004464842          2014041630105001000003   306090415PED36726340004464842          09041500000000236511044135108000000000000000000000000000000000000000000000000000000000000000000000000000000000000002365100000000000000000000000000   100415                                         11                                                  000019
10213247845000128416070035008815055  44653                    0004465342          2014041630105001000014   306090415PED36726340004465342          09041500000000301851044135108000000000000000000000000000000000000000000000000000000000000000000000000000000000000003018500000000000000000000000000   100415                                         15                                                  000020
10213247845000128416070035008815055  44661                    0004466179          2014041630105001000003   306090415PED020898/0004466179          09041500000000200701044135108000000000000000000000000000000000000000000000000000000000000000000000000000000000000002007000000000000000000000000000   100415                                         15                                                  000021
10213247845000128416070035008805076  44682                    0004468236                                   106090415PED78826340004468236          09041500000000567800410109008000000000000000000000000000000000000000000000000000000000000000000000000000000000000005678000000000000000000000000000   100415                                         11                                                  000022
10213247845000128416070035008805076  44863                    0004486390                                   106090415PED021007/0004486390          07041500000000531650417914608000000000000000000000000000000000000000000000000000000000000000000000000000000000000005316500000000003180000000000000   100415                                         11                                                  000023
10213247845000128416070035008815055  44884                    0004488458          2014041630105001000014   306090415PED10192630004488458          07041500000000104440410109008000000000000000000000000000000000000000000000000000000000000000000000000000000000000001044400000000000620000000000000   100415                                         16                                                  000024
10213247845000128416070035008805998                           0004490908                                   106090415          0004490908          08041500000000205480411636500000000000020000000000000000000000000000000000000000000000000000000000000000000000000002054800000000000620000000000000   100415                                         11                                                  000025
10213247845000128416070035008805998                           0004494474                                   106090415          0004494474          09041500000000650600014135100000000000020000000000000000000000000000000000000000000000000000000000000000000000000006506000000000000000000000000000   100415                                         13                                                  000026
10213247845000128416070035008805998                           0004494547                                   106090415          0004494547          09041500000000280500413087200000000000020000000000000000000000000000000000000000000000000000000000000000000000000002805000000000000000000000000000   100415                                         11                                                  000027
10213247845000128416070035008805998                           0004494628                                   106090415          0004494628          09041500000000140831044135100000000000020000000000000000000000000000000000000000000000000000000000000000000000000001408300000000000000000000000000   100415                                         15                                                  000028
10213247845000128416070035008805998                           0004494709                                   106090415          0004494709          09041500000000117723414135100000000000020000000000000000000000000000000000000000000000000000000000000000000000000001177200000000000000000000000000   100415                                         12                                                  000029
10213247845000128416070035008805998                           0004495128                                   106090415          0004495128          09041500000000202563414135100000000000020000000000000000000000000000000000000000000000000000000000000000000000000002025600000000000000000000000000   100415                                         17                                                  000030
10213247845000128416070035008805998                           0004495462                                   106090415          0004495462          09041500000000353352374135100000000000020000000000000000000000000000000000000000000000000000000000000000000000000003533500000000000000000000000000   100415                                         15                                                  000031
10213247845000128416070035008805998                           0004495535                                   106090415          0004495535          09041500000000092930410109000000000000020000000000000000000000000000000000000000000000000000000000000000000000000000929300000000000000000000000000   100415                                         13                                                  000032
10213247845000128416070035008805998                           0004497856                                   106090415          0004497856          09041500000000294980410109000000000000020000000000000000000000000000000000000000000000000000000000000000000000000002949800000000000000000000000000   100415                                         16                                                  000033
10213247845000128416070035008805998                           0004498275                                   106090415          0004498275          09041500000000179641044135100000000000020000000000000000000000000000000000000000000000000000000000000000000000000001796400000000000000000000000000   100415                                         15                                                  000034
10213247845000128416070035008805998                           0004501144                                   106090415          0004501144          10041500000000184350410109000000000000020000000000000000000000000000000000000000000000000000000000000000000000000001843500000000000000000000000000   100415                                         16                                                  000035
10213247845000128416070035008805998                           0004501306                                   106090415          0004501306          10041500000000216500410109000000000000020000000000000000000000000000000000000000000000000000000000000000000000000002165000000000000000000000000000   100415                                         16                                                  000036
10213247845000128416070035008805998                           0004502051                                   106090415          0004502051          10041500000000191030410109000000000000020000000000000000000000000000000000000000000000000000000000000000000000000001910300000000000000000000000000   100415                                         16                                                  000037
10213247845000128416070035008805998                           0004502884                                   106090415          0004502884          10041500000000102961044135100000000000020000000000000000000000000000000000000000000000000000000000000000000000000001029600000000000000000000000000   100415                                         15                                                  000038
10213247845000128416070035008805998                           0004504038                                   106090415          0004504038          10041500000000153381044135100000000000020000000000000000000000000000000000000000000000000000000000000000000000000001533800000000000000000000000000   100415                                         15                                                  000039
10213247845000128416070035008805998                           0004517571                                   106090415          0004517571          06041500000000283080414168800000000000020000000000000000000000000000000000000000000000000000000000000000000000000002830800000000002550000000000000   100415                                         11                                                  000040
10213247845000128416070035008815055  45280                    0004528050          2014041630105001000014   306090415PED37526470004528050          09041500000000121521044135108000000000000000000000000000000000000000000000000000000000000000000000000000000000000001215200000000000000000000000000   100415                                         13                                                  000041
10213247845000128416070035008815055  45281                    0004528131          2014041630105001000005   306090415PED37526470004528131          09041500000000229147564135108000000000000000000000000000000000000000000000000000000000000000000000000000000000000002291400000000000000000000000000   100415                                         13                                                  000042
10213247845000128416070035008815055  45283                    0004528395          2014041630105001000003   306090415PED78826470004528395          09041500000000284551044135108000000000000000000000000000000000000000000000000000000000000000000000000000000000000002845500000000000000000000000000   100415                                         15                                                  000043
10213247845000128416070035008815055  45285                    0004528549          2014041630105001000005   306090415PED021188/0004528549          09041500000000242131044135108000000000000000000000000000000000000000000000000000000000000000000000000000000000000002421300000000000000000000000000   100415                                         15                                                  000044
10213247845000128416070035008815055  45286                    0004528638          2014041630105001000003   306090415PED40626480004528638          16041500000000444351044135108000000000000000000000000000000000000000000000000000000000000000000000000000000000000004443500000000000000000000000000   100415                                         11                                                  000045
10213247845000128416070035008805998                           0004529537                                   106090415          0004529537          09041500000000188807564135100000000000020000000000000000000000000000000000000000000000000000000000000000000000000001888000000000000000000000000000   100415                                         12                                                  000046
10213247845000128416070035008815055  45299                    0004529952          2014041630105001000003   306090415PED36726470004529952          09041500000000380892374135108000000000000000000000000000000000000000000000000000000000000000000000000000000000000003808900000000000000000000000000   100415                                         11                                                  000047
10213247845000128416070035008815055  45304                    0004530438          2014041630105001000003   306090415PED10192640004530438          09041500000000353610410109008000000000000000000000000000000000000000000000000000000000000000000000000000000000000003536100000000000000000000000000   100415                                         13                                                  000048
10213247845000128416070035008815055  45313                    0004531345          2014041630105001000005   306090415PED37526470004531345          09041500000000220542374135108000000000000000000000000000000000000000000000000000000000000000000000000000000000000002205400000000000000000000000000   100415                                         15                                                  000049
10213247845000128416070035008815055  45314                    0004531426          2014041630105001000014   306090415PED021204/0004531426          09041500000000109700419407208000000000000000000000000000000000000000000000000000000000000000000000000000000000000001097000000000000000000000000000   100415                                         11                                                  000050
10213247845000128416070035008815055  45321                    0004532171          2014041630105001000005   306090415PED10192640004532171          09041500000000247490410109008000000000000000000000000000000000000000000000000000000000000000000000000000000000000002474900000000000000000000000000   100415                                         16                                                  000051
10213247845000128416070035008815055  45323                    0004532333          2014041630105001000005   306090415PED10192640004532333          09041500000000171562374135108000000000000000000000000000000000000000000000000000000000000000000000000000000000000001715600000000000000000000000000   100415                                         13                                                  000052
10213247845000128416070035008805076  45324                    0004532414                                   106090415PED36726480004532414          07041500000000709470410109008000000000000000000000000000000000000000000000000000000000000000000000000000000000000007094700000000004260000000000000   100415                                         16                                                  000053
10213247845000128416070035008805076  45371                    0004537122                                   132100415PED021255/0004537122          27041500000000056880414168801000000000000000000000000000000000000000000000000000000000000000000000000000000000000000568800000000000000000000000000   100415                                          1                                                  000054
10213247845000128416070035008805076  45374                    0004537467                                   132100415PED37526520004537467          20041500000000164630414168801000000000000000000000000000000000000000000000000000000000000000000000000000000000000001646300000000000000000000000000   100415                                          1                                                  000055
10213247845000128416070035008805076  45416                    0004541650                                   132100415PED10222650004541650          21041500000000212100414168801000000000000000000000000000000000000000000000000000000000000000000000000000000000000002121000000000000000000000000000   100415                                          1                                                  000056
10213247845000128416070035008805076  45417                    0004541731                                   132100415PED10222650004541731          20041500000000156020414168801000000000000000000000000000000000000000000000000000000000000000000000000000000000000001560200000000000000000000000000   100415                                          1                                                  000057
10213247845000128416070035008805076  45419                    0004541995                                   132100415PED10222650004541995          21041500000000175620414168801000000000000000000000000000000000000000000000000000000000000000000000000000000000000001756200000000000000000000000000   100415                                          1                                                  000058
10213247845000128416070035008805076  45420                    0004542088                                   132100415PED34426530004542088          17041500000000216030414168801000000000000000000000000000000000000000000000000000000000000000000000000000000000000002160300000000000000000000000000   100415                                          1                                                  000059
10213247845000128416070035008805076  45421                    0004542150                                   132100415PED34426530004542150          12041500000000105600414168801000000000000000000000000000000000000000000000000000000000000000000000000000000000000001056000000000000000000000000000   100415                                          1                                                  000060
10213247845000128416070035008805076  45428                    0004542800                                   132100415PED78826520004542800          21041500000000112490414168801000000000000000000000000000000000000000000000000000000000000000000000000000000000000001124900000000000000000000000000   100415                                          1                                                  000061
10213247845000128416070035008805076  45430                    0004543068                                   132100415PED78826520004543068          12041500000000211440414168801000000000000000000000000000000000000000000000000000000000000000000000000000000000000002114400000000000000000000000000   100415                                          1                                                  000062
10213247845000128416070035008805076  45432                    0004543238                                   132100415PED10222650004543238          21041500000000098670414168801000000000000000000000000000000000000000000000000000000000000000000000000000000000000000986700000000000000000000000000   100415                                          1                                                  000063
10213247845000128416070035008805076  45434                    0004543483                                   132100415PED10222650004543483          21041500000000213900414168801000000000000000000000000000000000000000000000000000000000000000000000000000000000000002139000000000000000000000000000   100415                                          1                                                  000064
10213247845000128416070035008805076  45436                    0004543637                                   132100415PED10222650004543637          21041500000000119140414168801000000000000000000000000000000000000000000000000000000000000000000000000000000000000001191400000000000000000000000000   100415                                          1                                                  000065
10213247845000128416070035008805076  45439                    0004543971                                   132100415PED40626530004543971          21041500000000191060414168801000000000000000000000000000000000000000000000000000000000000000000000000000000000000001910600000000000000000000000000   100415                                          1                                                  000066
10213247845000128416070035008805076  45440                    0004544056                                   132100415PED36726530004544056          21041500000000194910414168801000000000000000000000000000000000000000000000000000000000000000000000000000000000000001949100000000000000000000000000   100415                                          1                                                  000067
10213247845000128416070035008805076  45442                    0004544218                                   132100415PED34426530004544218          28041500000000223260414168801000000000000000000000000000000000000000000000000000000000000000000000000000000000000002232600000000000000000000000000   100415                                          1                                                  000068
10213247845000128416070035008805076  45445                    0004544544                                   132100415PED78826530004544544          21041500000000194050414168801000000000000000000000000000000000000000000000000000000000000000000000000000000000000001940500000000000000000000000000   100415                                          1                                                  000069
10213247845000128416070035008805076  45446                    0004544625                                   132100415PED78826530004544625          14041500000000124320414168801000000000000000000000000000000000000000000000000000000000000000000000000000000000000001243200000000000000000000000000   100415                                          1                                                  000070
10213247845000128416070035008805076  45452                    0004545206                                   132100415PED10212650004545206          22041500000000192570414168801000000000000000000000000000000000000000000000000000000000000000000000000000000000000001925700000000000000000000000000   100415                                          1                                                  000071
10213247845000128416070035008805076  45454                    0004545478                                   132100415PED10222650004545478          22041500000000132830414168801000000000000000000000000000000000000000000000000000000000000000000000000000000000000001328300000000000000000000000000   100415                                          1                                                  000072
10213247845000128416070035008805076  45456                    0004545613                                   132100415PED78826530004545613          29041500000000233710414168801000000000000000000000000000000000000000000000000000000000000000000000000000000000000002337100000000000000000000000000   100415                                          1                                                  000073
10213247845000128416070035008805076  45458                    0004545877                                   132100415PED40626530004545877          22041500000000185870414168801000000000000000000000000000000000000000000000000000000000000000000000000000000000000001858700000000000000000000000000   100415                                          1                                                  000074
10213247845000128416070035008805076  45463                    0004546377                                   132100415PED10192650004546377          15041500000000118190414168801000000000000000000000000000000000000000000000000000000000000000000000000000000000000001181900000000000000000000000000   100415                                          1                                                  000075
10213247845000128416070035008805076  45475                    0004547519                                   132100415PED10192650004547519          29041500000000183860414168801000000000000000000000000000000000000000000000000000000000000000000000000000000000000001838600000000000000000000000000   100415                                          1                                                  000076
10213247845000128416070035008805076  45477                    0004547772                                   132100415PED37526530004547772          21041500000000101350414168801000000000000000000000000000000000000000000000000000000000000000000000000000000000000001013500000000000000000000000000   100415                                          1                                                  000077
10213247845000128416070035008805076  45480                    0004548019                                   132100415PED37526530004548019          29041500000000225000414168801000000000000000000000000000000000000000000000000000000000000000000000000000000000000002250000000000000000000000000000   100415                                          1                                                  000078
10213247845000128416070035008805076  45481                    0004548191                                   132100415PED37526530004548191          21041500000000138500414168801000000000000000000000000000000000000000000000000000000000000000000000000000000000000001385000000000000000000000000000   100415                                          1                                                  000079
10213247845000128416070035008805076  45487                    0004548760                                   132100415PED78826530004548760          06051500000000117260414168801000000000000000000000000000000000000000000000000000000000000000000000000000000000000001172600000000000000000000000000   100415                                          1                                                  000080
10213247845000128416070035008805076  45488                    0004548841                                   132100415PED78826530004548841          28041500000000111580414168801000000000000000000000000000000000000000000000000000000000000000000000000000000000000001115800000000000000000000000000   100415                                          1                                                  000081
10213247845000128416070035008805076  45489                    0004548922                                   132100415PED40626540004548922          22041500000000179460414168801000000000000000000000000000000000000000000000000000000000000000000000000000000000000001794600000000000000000000000000   100415                                          1                                                  000082
10213247845000128416070035008805076  45494                    0004549422                                   132100415PED10192650004549422          22041500000000102400414168801000000000000000000000000000000000000000000000000000000000000000000000000000000000000001024000000000000000000000000000   100415                                          1                                                  000083
10213247845000128416070035008805076  45495                    0004549597                                   132100415PED10192650004549597          22041500000000213010414168801000000000000000000000000000000000000000000000000000000000000000000000000000000000000002130100000000000000000000000000   100415                                          1                                                  000084
10213247845000128416070035008805076  45498                    0004549848                                   132100415PED10212650004549848          14041500000000083070414168801000000000000000000000000000000000000000000000000000000000000000000000000000000000000000830700000000000000000000000000   100415                                          1                                                  000085
10213247845000128416070035008805076  45507                    0004550714                                   132100415PED10192650004550714          18041500000000141780414168801000000000000000000000000000000000000000000000000000000000000000000000000000000000000001417800000000000000000000000000   100415                                          1                                                  000086
10213247845000128416070035008805076  45512                    0004551214                                   132100415PED10192650004551214          22041500000000182190414168801000000000000000000000000000000000000000000000000000000000000000000000000000000000000001821900000000000000000000000000   100415                                          1                                                  000087
10213247845000128416070035008805076  45514                    0004551478                                   132100415PED40626530004551478          29041500000000111810414168801000000000000000000000000000000000000000000000000000000000000000000000000000000000000001118100000000000000000000000000   100415                                          1                                                  000088
10213247845000128416070035008805076  45515                    0004551540                                   102100415PED36726540004551540          22041500000001133560417914608000000000020000000000000000000000000000000000000000000000000000000000000000000000000000000000000000000000000000000000                                                                                                      000089
10213247845000128416070035008805076  45516                    0004551621                                   102100415PED10192650004551621          22041500000000168230414168808000000000020000000000000000000000000000000000000000000000000000000000000000000000000000000000000000000000000000000000                                                                                                      000090
10213247845000128416070035008805076  45517                    0004551702                                   102100415PED10192650004551702          22041500000000256960414168808000000000020000000000000000000000000000000000000000000000000000000000000000000000000000000000000000000000000000000000                                                                                                      000091
10213247845000128416070035008805076  45518                    0004551885                                   102100415PED36726520004551885          27041500000000287000414168808000000000020000000000000000000000000000000000000000000000000000000000000000000000000000000000000000000000000000000000                                                                                                      000092
10213247845000128416070035008805076  45520                    0004552040                                   102100415PED10192650004552040          15041500000000182630414168808000000000020000000000000000000000000000000000000000000000000000000000000000000000000000000000000000000000000000000000                                                                                                      000093
10213247845000128416070035008805076  45521                    0004552121                                   102100415PED37526540004552121          22041500000000235100414168808000000000020000000000000000000000000000000000000000000000000000000000000000000000000000000000000000000000000000000000                                                                                                      000094
10213247845000128416070035008805076  45522                    0004552202                                   102100415PED021307/0004552202          29041500000000166920414168808000000000020000000000000000000000000000000000000000000000000000000000000000000000000000000000000000000000000000000000                                                                                                      000095
10213247845000128416070035008805076  45524                    0004552466                                   102100415PED34426540004552466          22041500000000335860414168808000000000020000000000000000000000000000000000000000000000000000000000000000000000000000000000000000000000000000000000                                                                                                      000096
10213247845000128416070035008805076  45525                    0004552539                                   102100415PED40626530004552539          22041500000000277040414168808000000000020000000000000000000000000000000000000000000000000000000000000000000000000000000000000000000000000000000000                                                                                                      000097
10213247845000128416070035008805076  45528                    0004552873                                   102100415PED37526540004552873          22041500000000094350419480308000000000020000000000000000000000000000000000000000000000000000000000000000000000000000000000000000000000000000000000                                                                                                      000098
10213247845000128416070035008805076  45529                    0004552954                                   102100415PED40626540004552954          22041500000000435940419407208000000000020000000000000000000000000000000000000000000000000000000000000000000000000000000000000000000000000000000000                                                                                                      000099
10213247845000128416070035008805076  45530                    0004553039                                   102100415PED40626540004553039          29041500000000435930419407208000000000020000000000000000000000000000000000000000000000000000000000000000000000000000000000000000000000000000000000                                                                                                      000100
10213247845000128416070035008805076  45531                    0004553128                                   102100415PED37526540004553128          15041500000000137500419407208000000000020000000000000000000000000000000000000000000000000000000000000000000000000000000000000000000000000000000000                                                                                                      000101
10213247845000128416070035008805076  45532                    0004553292                                   102100415PED10192650004553292          22041500000000327420416973608000000000020000000000000000000000000000000000000000000000000000000000000000000000000000000000000000000000000000000000                                                                                                      000102
10213247845000128416070035008805076  45533                    0004553373                                   102100415PED40626540004553373          29041500000000746870419480308000000000020000000000000000000000000000000000000000000000000000000000000000000000000000000000000000000000000000000000                                                                                                      000103
10213247845000128416070035008805076  45534                    0004553454                                   102100415PED78826540004553454          29041500000000668010419407208000000000020000000000000000000000000000000000000000000000000000000000000000000000000000000000000000000000000000000000                                                                                                      000104
10213247845000128416070035008805076  45535                    0004553527                                   102100415PED78826540004553527          15041500000000566110419407208000000000020000000000000000000000000000000000000000000000000000000000000000000000000000000000000000000000000000000000                                                                                                      000105
10213247845000128416070035008805076  45536                    0004553608                                   102100415PED78826540004553608          22041500000000343890419407208000000000020000000000000000000000000000000000000000000000000000000000000000000000000000000000000000000000000000000000                                                                                                      000106
10213247845000128416070035008805076  45537                    0004553780                                   102100415PED78826540004553780          29041500000000343880419407208000000000020000000000000000000000000000000000000000000000000000000000000000000000000000000000000000000000000000000000                                                                                                      000107
10213247845000128416070035008805076  45538                    0004553861                                   102100415PED78826540004553861          06051500000000585670419407208000000000020000000000000000000000000000000000000000000000000000000000000000000000000000000000000000000000000000000000                                                                                                      000108
10213247845000128416070035008805076  45539                    0004553942                                   102100415PED10192650004553942          22041500000000653190414168808000000000020000000000000000000000000000000000000000000000000000000000000000000000000000000000000000000000000000000000                                                                                                      000109
10213247845000128416070035008805076  45540                    0004554027                                   102100415PED40626540004554027          16041500000000438500419407208000000000020000000000000000000000000000000000000000000000000000000000000000000000000000000000000000000000000000000000                                                                                                      000110
10213247845000128416070035008805076  45541                    0004554108                                   102100415PED10192650004554108          12041500000000236710419480308000000000020000000000000000000000000000000000000000000000000000000000000000000000000000000000000000000000000000000000                                                                                                      000111
10213247845000128416070035008805076  45542                    0004554280                                   102100415PED37526540004554280          15041500000000236000416973608000000000020000000000000000000000000000000000000000000000000000000000000000000000000000000000000000000000000000000000                                                                                                      000112
10213247845000128416070035008805076  45543                    0004554361                                   102100415PED37526540004554361          16041500000000211650419480308000000000020000000000000000000000000000000000000000000000000000000000000000000000000000000000000000000000000000000000                                                                                                      000113
10213247845000128416070035008805076  45544                    0004554442                                   102100415PED10192650004554442          14041500000000210980416973608000000000020000000000000000000000000000000000000000000000000000000000000000000000000000000000000000000000000000000000                                                                                                      000114
10213247845000128416070035008805076  45545                    0004554515                                   102100415PED10192650004554515          30041500000000653590414168808000000000020000000000000000000000000000000000000000000000000000000000000000000000000000000000000000000000000000000000                                                                                                      000115
10213247845000128416070035008805076  45546                    0004554698                                   102100415PED34426540004554698          29041500000000171760411636508000000000020000000000000000000000000000000000000000000000000000000000000000000000000000000000000000000000000000000000                                                                                                      000116
10213247845000128416070035008805076  45547                    0004554779                                   102100415PED78826540004554779          29041500000000406150419407208000000000020000000000000000000000000000000000000000000000000000000000000000000000000000000000000000000000000000000000                                                                                                      000117
10213247845000128416070035008805076  45548                    0004554868                                   102100415PED37526540004554868          30041500000000453510411636508000000000020000000000000000000000000000000000000000000000000000000000000000000000000000000000000000000000000000000000                                                                                                      000118
10213247845000128416070035008805076  45549                    0004554930                                   102100415PED34426540004554930          19041500000000284580411636508000000000020000000000000000000000000000000000000000000000000000000000000000000000000000000000000000000000000000000000                                                                                                      000119
10213247845000128416070035008805076  45550                    0004555015                                   102100415PED10192650004555015          16041500000000291240414168808000000000020000000000000000000000000000000000000000000000000000000000000000000000000000000000000000000000000000000000                                                                                                      000120
10213247845000128416070035008805076  45552                    0004555279                                   102100415PED36726540004555279          14041500000000629210414168808000000000020000000000000000000000000000000000000000000000000000000000000000000000000000000000000000000000000000000000                                                                                                      000121
10213247845000128416070035008805076  45553                    0004555368                                   102100415PED78826550004555368          07051500000000505400412907608000000000020000000000000000000000000000000000000000000000000000000000000000000000000000000000000000000000000000000000                                                                                                      000122
10213247845000128416070035008805076  45554                    0004555430                                   102100415PED78826550004555430          07051500000000429880412907608000000000020000000000000000000000000000000000000000000000000000000000000000000000000000000000000000000000000000000000                                                                                                      000123
10213247845000128416070035008805076  45555                    0004555503                                   102100415PED40626530004555503          23041500000000603280414168808000000000020000000000000000000000000000000000000000000000000000000000000000000000000000000000000000000000000000000000                                                                                                      000124
10213247845000128416070035008805076  45556                    0004555686                                   102100415PED34426540004555686          22041500000000120090414168808000000000020000000000000000000000000000000000000000000000000000000000000000000000000000000000000000000000000000000000                                                                                                      000125
10213247845000128416070035008805076  45557                    0004555767                                   102100415PED40626540004555767          16041500000000190880414168808000000000020000000000000000000000000000000000000000000000000000000000000000000000000000000000000000000000000000000000                                                                                                      000126
10213247845000128416070035008805076  45559                    0004555929                                   102100415PED021331/0004555929          23041500000000205500414168808000000000020000000000000000000000000000000000000000000000000000000000000000000000000000000000000000000000000000000000                                                                                                      000127
10213247845000128416070035008805076  45560                    0004556003                                   102100415PED36726550004556003          30041500000000354240414168808000000000020000000000000000000000000000000000000000000000000000000000000000000000000000000000000000000000000000000000                                                                                                      000128
10213247845000128416070035008805076  45562                    0004556267                                   102100415PED021327/0004556267          23041500000000100500414168808000000000020000000000000000000000000000000000000000000000000000000000000000000000000000000000000000000000000000000000                                                                                                      000129
10213247845000128416070035008805076  45563                    0004556348                                   102100415PED10192650004556348          16041500000000343520414168808000000000020000000000000000000000000000000000000000000000000000000000000000000000000000000000000000000000000000000000                                                                                                      000130
10213247845000128416070035008805076  45564                    0004556429                                   102100415PED36726540004556429          23041500000000098160414168808000000000020000000000000000000000000000000000000000000000000000000000000000000000000000000000000000000000000000000000                                                                                                      000131
10213247845000128416070035008805076  45565                    0004556593                                   102100415PED10192650004556593          16041500000000328270414168808000000000020000000000000000000000000000000000000000000000000000000000000000000000000000000000000000000000000000000000                                                                                                      000132
10213247845000128416070035008805076  45566                    0004556674                                   102100415PED40626540004556674          15041500000000239760419407208000000000020000000000000000000000000000000000000000000000000000000000000000000000000000000000000000000000000000000000                                                                                                      000133
10213247845000128416070035008805076  45567                    0004556755                                   102100415PED37526540004556755          15041500000000093750419407208000000000020000000000000000000000000000000000000000000000000000000000000000000000000000000000000000000000000000000000                                                                                                      000134
10213247845000128416070035008805076  45568                    0004556836                                   102100415PED34426550004556836          07051500000000473190414168808000000000020000000000000000000000000000000000000000000000000000000000000000000000000000000000000000000000000000000000                                                                                                      000135
10213247845000128416070035008805076  45569                    0004556917                                   102100415PED10192650004556917          11041500000000111950414168808000000000020000000000000000000000000000000000000000000000000000000000000000000000000000000000000000000000000000000000                                                                                                      000136
10213247845000128416070035008805076  45570                    0004557093                                   102100415PED40626550004557093          23041500000000186300414168808000000000020000000000000000000000000000000000000000000000000000000000000000000000000000000000000000000000000000000000                                                                                                      000137
10213247845000128416070035008805076  45572                    0004557255                                   102100415PED36726540004557255          22041500000000355510417914608000000000020000000000000000000000000000000000000000000000000000000000000000000000000000000000000000000000000000000000                                                                                                      000138
10213247845000128416070035008805076  45573                    0004557336                                   102100415PED36726540004557336          14041500000000134030417914608000000000020000000000000000000000000000000000000000000000000000000000000000000000000000000000000000000000000000000000                                                                                                      000139
10213247845000128416070035008805076  45574                    0004557417                                   102100415PED36726540004557417          16041500000000258620417914608000000000020000000000000000000000000000000000000000000000000000000000000000000000000000000000000000000000000000000000                                                                                                      000140
10213247845000128416070035008805076  45575                    0004557581                                   102100415PED36726550004557581          30041500000000443220411636508000000000020000000000000000000000000000000000000000000000000000000000000000000000000000000000000000000000000000000000                                                                                                      000141
10213247845000128416070035008805076  45576                    0004557662                                   102100415PED021326/0004557662          23041500000000347710412907608000000000020000000000000000000000000000000000000000000000000000000000000000000000000000000000000000000000000000000000                                                                                                      000142
10213247845000128416070035008805076  45577                    0004557743                                   102100415PED10212650004557743          23041500000000280310412907608000000000020000000000000000000000000000000000000000000000000000000000000000000000000000000000000000000000000000000000                                                                                                      000143
10213247845000128416070035008805076  45578                    0004557824                                   102100415PED10212650004557824          22041500000000134910412907608000000000020000000000000000000000000000000000000000000000000000000000000000000000000000000000000000000000000000000000                                                                                                      000144
10213247845000128416070035008805076  45579                    0004557905                                   102100415PED34426550004557905          30041500000000688310411636508000000000020000000000000000000000000000000000000000000000000000000000000000000000000000000000000000000000000000000000                                                                                                      000145
10213247845000128416070035008805076  45580                    0004558081                                   102100415PED021332/0004558081          23041500000000401730414168808000000000020000000000000000000000000000000000000000000000000000000000000000000000000000000000000000000000000000000000                                                                                                      000146
10213247845000128416070035008805076  45581                    0004558162                                   102100415PED36726550004558162          30041500000000231920414168808000000000020000000000000000000000000000000000000000000000000000000000000000000000000000000000000000000000000000000000                                                                                                      000147
10213247845000128416070035008805076  45582                    0004558243                                   102100415PED40626540004558243          16041500000000098610419407208000000000020000000000000000000000000000000000000000000000000000000000000000000000000000000000000000000000000000000000                                                                                                      000148
10213247845000128416070035008805076  45583                    0004558324                                   102100415PED36726550004558324          23041500000000141620419407208000000000020000000000000000000000000000000000000000000000000000000000000000000000000000000000000000000000000000000000                                                                                                      000149
10213247845000128416070035008805076  45586                    0004558650                                   102100415PED34426540004558650          12041500000000191950412907608000000000020000000000000000000000000000000000000000000000000000000000000000000000000000000000000000000000000000000000                                                                                                      000150
10213247845000128416070035008805076  45588                    0004558812                                   102100415PED021333/0004558812          16041500000000164900417914608000000000020000000000000000000000000000000000000000000000000000000000000000000000000000000000000000000000000000000000                                                                                                      000151
10213247845000128416070035008805076  45590                    0004559088                                   102100415PED78826540004559088          16041500000000444210419407208000000000020000000000000000000000000000000000000000000000000000000000000000000000000000000000000000000000000000000000                                                                                                      000152
10213247845000128416070035008805076  45591                    0004559150                                   102100415PED78826540004559150          23041500000000808190419407208000000000020000000000000000000000000000000000000000000000000000000000000000000000000000000000000000000000000000000000                                                                                                      000153
10213247845000128416070035008805076  45592                    0004559231                                   102100415PED78826540004559231          30041500000000812910419407208000000000020000000000000000000000000000000000000000000000000000000000000000000000000000000000000000000000000000000000                                                                                                      000154
10213247845000128416070035008805076  45593                    0004559312                                   102100415PED78826540004559312          22041500000000102550419407208000000000020000000000000000000000000000000000000000000000000000000000000000000000000000000000000000000000000000000000                                                                                                      000155
10213247845000128416070035008805076  45594                    0004559495                                   102100415PED34426550004559495          23041500000000376140414168808000000000020000000000000000000000000000000000000000000000000000000000000000000000000000000000000000000000000000000000                                                                                                      000156
10213247845000128416070035008805076  45595                    0004559568                                   102100415PED10192650004559568          16041500000000203640414168808000000000020000000000000000000000000000000000000000000000000000000000000000000000000000000000000000000000000000000000                                                                                                      000157
10213247845000128416070035008805076  45596                    0004559649                                   102100415PED10192650004559649          16041500000000330070414168808000000000020000000000000000000000000000000000000000000000000000000000000000000000000000000000000000000000000000000000                                                                                                      000158
10213247845000128416070035008805076  45597                    0004559738                                   102100415PED10192650004559738          16041500000000193110414168808000000000020000000000000000000000000000000000000000000000000000000000000000000000000000000000000000000000000000000000                                                                                                      000159
10213247845000128416070035008805076  45598                    0004559800                                   102100415PED40626550004559800          19041500000000958940414168808000000000020000000000000000000000000000000000000000000000000000000000000000000000000000000000000000000000000000000000                                                                                                      000160
9201041          000004270000001726457100000000 00000720000000025093720000048000000001412023                                                                                                                                                                                                                                                                                                              000161
