02RETORNO01COBRANCA       416070035008        DISTRIBUIDORA DE ALIMENTOS BIL041BANRISUL       16041501600BPI                                                                                                                                                                                                                                                                                              000001
10213247845000128416070035008805076  45777                    0004577701                                    03160415PED10222650004577701          2804150000000042171041       000000000000000000000000000000000000000000000000000000000000000000000000000000000000000000000000000000000000000000000                                                                                          49          000002
10213247845000128416070035008815055  44385                    0004438531          2014041630105001000003   306150415PED36726310004438531          13041500000000297880411636508000000000000000000000000000000000000000000000000000000000000000000000000000000000000002978800000000001780000000000000   160415                                         11                                                  000003
10213247845000128416070035008805076  44428                    0004442814                                   115150415PED10192630004442814          31031500000000385730416973608000000000000000000000005700000000000000000000000000000000000000000000000000000000000003800300000000006960000000000000   160415                                         17                                                  000004
10213247845000128416070035008805076  44510                    0004451066                                   106150415PED37526320004451066          15041500000001204650014135108000000000000000000000000000000000000000000000000000000000000000000000000000000000000012046500000000000000000000000000   160415                                         13                                                  000005
10213247845000128416070035008815055  44513                    0004451309          2013041630105001000013   306150415PED37526320004451309          15041500000000165080410109008000000000000000000000000000000000000000000000000000000000000000000000000000000000000001650800000000000000000000000000   160415                                         17                                                  000006
10213247845000128416070035008815055  44538                    0004453875          2014041630105001000003   306150415PED78826320004453875          15041500000000430560410109008000000000000000000000000000000000000000000000000000000000000000000000000000000000000004305600000000000000000000000000   160415                                         16                                                  000007
10213247845000128416070035008815055  44539                    0004453956          2014041630105001000005   306150415PED78826320004453956          15041500000000110960410109008000000000000000000000000000000000000000000000000000000000000000000000000000000000000001109600000000000000000000000000   160415                                         16                                                  000008
10213247845000128416070035008815055  44541                    0004454111          2014041630105001000003   306150415PED78826320004454111          15041500000000430560410109008000000000000000000000000000000000000000000000000000000000000000000000000000000000000004305600000000000000000000000000   160415                                         16                                                  000009
10213247845000128416070035008815055  44542                    0004454294          2014041630105001000005   306150415PED78826320004454294          15041500000000099320410109008000000000000000000000000000000000000000000000000000000000000000000000000000000000000000993200000000000000000000000000   160415                                         16                                                  000010
10213247845000128416070035008805076  44549                    0004454944                                   106150415PED78826330004454944          15041500000000619920334135108000000000000000000000000000000000000000000000000000000000000000000000000000000000000006199200000000000000000000000000   160415                                         17                                                  000011
10213247845000128416070035008815055  44552                    0004455282          2014041630105001000005   306150415PED78826330004455282          15041500000000422220334135108000000000000000000000000000000000000000000000000000000000000000000000000000000000000004222200000000000000000000000000   160415                                         17                                                  000012
10213247845000128416070035008805076  44558                    0004455851                                   115150415PED10192630004455851          30031500000000484920416973608000000000000000000000005700000000000000000000000000000000000000000000000000000000000004792200000000010150000000000000   160415                                         17                                                  000013
10213247845000128416070035008805076  44727                    0004472764                                   106150415PED36726380004472764          13041500000000601020413087208000000000000000000000000000000000000000000000000000000000000000000000000000000000000006010200000000003600000000000000   160415                                         11                                                  000014
10213247845000128416070035008805076  44731                    0004473183                                   106150415PED36726380004473183          13041500000000567480413087208000000000000000000000000000000000000000000000000000000000000000000000000000000000000005674800000000003400000000000000   160415                                         11                                                  000015
10213247845000128416070035008815055  44737                    0004473752          2014041630105001000003   306150415PED36726380004473752          13041500000000448690411636508000000000000000000000000000000000000000000000000000000000000000000000000000000000000004486900000000002700000000000000   160415                                         11                                                  000016
10213247845000128416070035008805076  44840                    0004484088                                   115150415PED78826380004484088          31031500000000179390412907608000000000000000000000005700000000000000000000000000000000000000000000000000000000000001736900000000003240000000000000   160415                                         17                                                  000017
10213247845000128416070035008815055  44861                    0004486137          2013041630105001000013   306150415PED36726390004486137          15041500000000456657484135108000000000000000000000000000000000000000000000000000000000000000000000000000000000000004566500000000000000000000000000   160415                                         11                                                  000018
10213247845000128416070035008815055  44883                    0004488377          2014041630105001000005   306150415PED10192630004488377          15041500000000108920410109008000000000000000000000000000000000000000000000000000000000000000000000000000000000000001089200000000000000000000000000   160415                                         16                                                  000019
10213247845000128416070035008815055  44886                    0004488601          2013041630105001000013   306150415PED10192640004488601          15041500000000196820410109008000000000000000000000000000000000000000000000000000000000000000000000000000000000000001968200000000000000000000000000   160415                                         16                                                  000020
10213247845000128416070035008815055  44887                    0004488784          2013041630105001000013   306150415PED34426400004488784          15041500000000476401044135108000000000000000000000000000000000000000000000000000000000000000000000000000000000000004764000000000000000000000000000   160415                                         15                                                  000021
10213247845000128416070035008805076  44888                    0004488865                                   106150415PED34426390004488865          15041500000001551890014135108000000000000000000000000000000000000000000000000000000000000000000000000000000000000015518900000000000000000000000000   160415                                         13                                                  000022
10213247845000128416070035008815055  44894                    0004489446          2014041630105001000005   306150415PED37526390004489446          15041500000000334773414135108000000000000000000000000000000000000000000000000000000000000000000000000000000000000003347700000000000000000000000000   160415                                         17                                                  000023
10213247845000128416070035008805998                           0004490177                                   106150415          0004490177          15041500000000365040410109000000000000020000000000000000000000000000000000000000000000000000000000000000000000000003650400000000000000000000000000   160415                                         16                                                  000024
10213247845000128416070035008805998                           0004490827                                   106150415          0004490827          15041500000000238530014135100000000000020000000000000000000000000000000000000000000000000000000000000000000000000002385300000000000000000000000000   160415                                         15                                                  000025
10213247845000128416070035008805998                           0004491165                                   106150415          0004491165          15041500000004845000410109000000000000020000000000000000000000000000000000000000000000000000000000000000000000000048450000000000000000000000000000   160415                                         13                                                  000026
10213247845000128416070035008805998                           0004491246                                   106150415          0004491246          15041500000000712913414135100000000000020000000000000000000000000000000000000000000000000000000000000000000000000007129100000000000000000000000000   160415                                         12                                                  000027
10213247845000128416070035008805998                           0004491998                                   106150415          0004491998          15041500000000175160410109000000000000020000000000000000000000000000000000000000000000000000000000000000000000000001751600000000000000000000000000   160415                                         13                                                  000028
10213247845000128416070035008805998                           0004492234                                   106150415          0004492234          15041500000000154661044135100000000000020000000000000000000000000000000000000000000000000000000000000000000000000001546600000000000000000000000000   160415                                         15                                                  000029
10213247845000128416070035008805998                           0004492498                                   106150415          0004492498          16041500000000575970014135100000000000020000000000000000000000000000000000000000000000000000000000000000000000000005759700000000000000000000000000   160415                                         11                                                  000030
10213247845000128416070035008805998                           0004492560                                   106150415          0004492560          16041500000000268592374135100000000000020000000000000000000000000000000000000000000000000000000000000000000000000002685900000000000000000000000000   160415                                         15                                                  000031
10213247845000128416070035008805998                           0004498356                                   106150415          0004498356          16041500000000154961044135100000000000020000000000000000000000000000000000000000000000000000000000000000000000000001549600000000000000000000000000   160415                                         15                                                  000032
10213247845000128416070035008805998                           0004505859                                   106150415          0004505859          13041500000000316170411636500000000000020000000000000000000000000000000000000000000000000000000000000000000000000003161700000000001900000000000000   160415                                         11                                                  000033
10213247845000128416070035008805998                           0004520114                                   106150415          0004520114          15041500000000202137484135100000000000020000000000000000000000000000000000000000000000000000000000000000000000000002021300000000000000000000000000   160415                                         15                                                  000034
10213247845000128416070035008805998                           0004520297                                   106150415          0004520297          15041500000000255697484135100000000000020000000000000000000000000000000000000000000000000000000000000000000000000002556900000000000000000000000000   160415                                         11                                                  000035
10213247845000128416070035008805998                           0004520602                                   106150415          0004520602          15041500000000105970410109000000000000020000000000000000000000000000000000000000000000000000000000000000000000000001059700000000000000000000000000   160415                                         13                                                  000036
10213247845000128416070035008815055  45220                    0004522028          2014041630105001000014   306150415PED10222640004522028          15041500000000124420412329908000000000000000000000000000000000000000000000000000000000000000000000000000000000000001244200000000000000000000000000   160415                                         11                                                  000037
10213247845000128416070035008805998                           0004522273                                   106150415          0004522273          15041500000000134131044135100000000000020000000000000000000000000000000000000000000000000000000000000000000000000001341300000000000000000000000000   160415                                         15                                                  000038
10213247845000128416070035008805998                           0004522435                                   106150415          0004522435          15041500000000278333414135100000000000020000000000000000000000000000000000000000000000000000000000000000000000000002783300000000000000000000000000   160415                                         17                                                  000039
10213247845000128416070035008805998                           0004522761                                   106150415          0004522761          15041500000000132030410109000000000000020000000000000000000000000000000000000000000000000000000000000000000000000001320300000000000000000000000000   160415                                         16                                                  000040
10213247845000128416070035008805998                           0004523180                                   106150415          0004523180          15041500000000257330410109000000000000020000000000000000000000000000000000000000000000000000000000000000000000000002573300000000000000000000000000   160415                                         16                                                  000041
10213247845000128416070035008805998                           0004523598                                   106150415          0004523598          15041500000000233680410109000000000000020000000000000000000000000000000000000000000000000000000000000000000000000002336800000000000000000000000000   160415                                         16                                                  000042
10213247845000128416070035008805998                           0004524098                                   106150415          0004524098          15041500000000200590334135100000000000020000000000000000000000000000000000000000000000000000000000000000000000000002005900000000000000000000000000   160415                                         12                                                  000043
10213247845000128416070035008815055  45250                    0004525086          2014041630105001000003   306150415PED37526450004525086          20041500000000331443414135108000000000000000000000000000000000000000000000000000000000000000000000000000000000000003314400000000000000000000000000   160415                                         17                                                  000044
10213247845000128416070035008815055  45256                    0004525655          2014041630105001000014   306150415PED10222640004525655          15041500000000131050410109008000000000000000000000000000000000000000000000000000000000000000000000000000000000000001310500000000000000000000000000   160415                                         13                                                  000045
10213247845000128416070035008815055  45262                    0004526236          2014041630105001000014   306150415PED10192640004526236          15041500000000135870410109008000000000000000000000000000000000000000000000000000000000000000000000000000000000000001358700000000000000000000000000   160415                                         16                                                  000046
10213247845000128416070035008815055  45263                    0004526317          2014041630105001000003   306150415PED10192640004526317          15041500000000363791044135108000000000000000000000000000000000000000000000000000000000000000000000000000000000000003637900000000000000000000000000   160415                                         13                                                  000047
10213247845000128416070035008815055  45270                    0004527062          2014041630105001000003   306150415PED78826470004527062          15041500000000276140410109008000000000000000000000000000000000000000000000000000000000000000000000000000000000000002761400000000000000000000000000   160415                                         13                                                  000048
10213247845000128416070035008805998                           0004540093                                   106150415          0004540093          13041500000000102920419480300000000000020000000000000000000000000000000000000000000000000000000000000000000000000001029200000000000620000000000000   160415                                         11                                                  000049
10213247845000128416070035008805998                           0004540417                                   106150415          0004540417          14041500000000223290419480300000000000020000000000000000000000000000000000000000000000000000000000000000000000000002232900000000000670000000000000   160415                                         11                                                  000050
10213247845000128416070035008805076  45431                    0004543149                                   132160415PED78826530004543149          21041500000000371060414168801000000000000000000000000000000000000000000000000000000000000000000000000000000000000003710600000000000000000000000000   160415                                          1                                                  000051
10213247845000128416070035008805076  45447                    0004544706                                   132160415PED021275/0004544706          28041500000000390160414168801000000000000000000000000000000000000000000000000000000000000000000000000000000000000003901600000000000000000000000000   160415                                          1                                                  000052
10213247845000128416070035008805076  45453                    0004545389                                   106150415PED10222650004545389          15041500000000250970410109008000000000000000000000000000000000000000000000000000000000000000000000000000000000000002509700000000000000000000000000   160415                                         16                                                  000053
10213247845000128416070035008805076  45459                    0004545958                                   132160415PED36726530004545958          22041500000000368820414168801000000000000000000000000000000000000000000000000000000000000000000000000000000000000003688200000000000000000000000000   160415                                          1                                                  000054
10213247845000128416070035008805076  45460                    0004546032                                   106150415PED37526520004546032          15041500000000344661044135108000000000000000000000000000000000000000000000000000000000000000000000000000000000000003446600000000000000000000000000   160415                                         15                                                  000055
10213247845000128416070035008805076  45461                    0004546113                                   132160415PED40626540004546113          06051500000000372900414168801000000000000000000000000000000000000000000000000000000000000000000000000000000000000003729000000000000000000000000000   160415                                          1                                                  000056
10213247845000128416070035008815055  45463                    0004546377          2014041630105001000003   306150415PED10192650004546377          15041500000000118190410109008000000000000000000000000000000000000000000000000000000000000000000000000000000000000001181900000000000000000000000000   160415                                         16                                                  000057
10213247845000128416070035008805076  45464                    0004546458                                   132160415PED37526530004546458          21041500000000384200414168801000000000000000000000000000000000000000000000000000000000000000000000000000000000000003842000000000000000000000000000   160415                                          1                                                  000058
10213247845000128416070035008805076  45476                    0004547691                                   106150415PED021293/0004547691          15041500000000246521044135108000000000000000000000000000000000000000000000000000000000000000000000000000000000000002465200000000000000000000000000   160415                                         15                                                  000059
10213247845000128416070035008815055  45480                    0004548019          2014041630105001000014   306150415PED37526530004548019          29041500000000225003414135108000000000000000000000000000000000000000000000000000000000000000000000000000000000000002250000000000000000000000000000   160415                                         17                                                  000060
10213247845000128416070035008805076  45502                    0004550226                                   106150415PED36726530004550226          15041500000000311741044135108000000000000000000000000000000000000000000000000000000000000000000000000000000000000003117400000000000000000000000000   160415                                         15                                                  000061
10213247845000128416070035008805076  45503                    0004550307                                   132160415PED36726530004550307          22041500000000385330414168801000000000000000000000000000000000000000000000000000000000000000000000000000000000000003853300000000000000000000000000   160415                                          1                                                  000062
10213247845000128416070035008805076  45504                    0004550498                                   132160415PED36726530004550498          29041500000000385330414168801000000000000000000000000000000000000000000000000000000000000000000000000000000000000003853300000000000000000000000000   160415                                          1                                                  000063
10213247845000128416070035008805076  45511                    0004551133                                   132160415PED34426530004551133          29041500000000389400414168801000000000000000000000000000000000000000000000000000000000000000000000000000000000000003894000000000000000000000000000   160415                                          1                                                  000064
10213247845000128416070035008815055  45520                    0004552040          2014041630105001000003   306150415PED10192650004552040          15041500000000182630410109008000000000000000000000000000000000000000000000000000000000000000000000000000000000000001826300000000000000000000000000   160415                                         16                                                  000065
10213247845000128416070035008805076  45530                    0004553039                                   132160415PED40626540004553039          29041500000000435930414168801000000000000000000000000000000000000000000000000000000000000000000000000000000000000004359300000000000000000000000000   160415                                          1                                                  000066
10213247845000128416070035008805076  45547                    0004554779                                   132160415PED78826540004554779          29041500000000406150414168801000000000000000000000000000000000000000000000000000000000000000000000000000000000000004061500000000000000000000000000   160415                                          1                                                  000067
10213247845000128416070035008815055  45550                    0004555015          2014041630105001000003   306150415PED10192650004555015          16041500000000291241044135108000000000000000000000000000000000000000000000000000000000000000000000000000000000000002912400000000000000000000000000   160415                                         15                                                  000068
10213247845000128416070035008805076  45554                    0004555430                                   132160415PED78826550004555430          07051500000000429880414168801000000000000000000000000000000000000000000000000000000000000000000000000000000000000004298800000000000000000000000000   160415                                          1                                                  000069
10213247845000128416070035008805998                           0004555848                                   106150415          0004555848          16041500000000362290410109000000000000020000000000000000000000000000000000000000000000000000000000000000000000000003622900000000000000000000000000   160415                                         13                                                  000070
10213247845000128416070035008805076  45566                    0004556674                                   106150415PED40626540004556674          15041500000000239763414135108000000000000000000000000000000000000000000000000000000000000000000000000000000000000002397600000000000000000000000000   160415                                         13                                                  000071
10213247845000128416070035008805076  45580                    0004558081                                   132160415PED021332/0004558081          23041500000000401730414168801000000000000000000000000000000000000000000000000000000000000000000000000000000000000004017300000000000000000000000000   160415                                          1                                                  000072
10213247845000128416070035008805076  45594                    0004559495                                   132160415PED34426550004559495          23041500000000376140414168801000000000000000000000000000000000000000000000000000000000000000000000000000000000000003761400000000000000000000000000   160415                                          1                                                  000073
10213247845000128416070035008805076  45605                    0004560531                                   132160415PED36726550004560531          30041500000000379240414168801000000000000000000000000000000000000000000000000000000000000000000000000000000000000003792400000000000000000000000000   160415                                          1                                                  000074
10213247845000128416070035008805076  45628                    0004562852                                   106150415PED10212650004562852          13041500000000321110014135108000000000000000000000000000000000000000000000000000000000000000000000000000000000000003211100000000001920000000000000   160415                                         15                                                  000075
10213247845000128416070035008805076  45645                    0004564596                                   132160415PED78826560004564596          24041500000000377570414168801000000000000000000000000000000000000000000000000000000000000000000000000000000000000003775700000000000000000000000000   160415                                          1                                                  000076
10213247845000128416070035008805998                           0004564677                                   106150415          0004564677          17041500000000640000410109000000000000020000000000000000000000000000000000000000000000000000000000000000000000000006400000000000000000000000000000   160415                                         13                                                  000077
10213247845000128416070035008805998                           0004565827                                   106150415          0004565827          20041500000000603540410109000000000000020000000000000000000000000000000000000000000000000000000000000000000000000006035400000000000000000000000000   160415                                         13                                                  000078
10213247845000128416070035008805076  45663                    0004566327                                   132160415PED78826590004566327          11051500000000435760414168801000000000000000000000000000000000000000000000000000000000000000000000000000000000000004357600000000000000000000000000   160415                                          1                                                  000079
10213247845000128416070035008805076  45672                    0004567234                                   132160415PED36726590004567234          04051500000000401120414168801000000000000000000000000000000000000000000000000000000000000000000000000000000000000004011200000000000000000000000000   160415                                          1                                                  000080
10213247845000128416070035008805076  45674                    0004567498                                   132160415PED34426590004567498          11051500000000427440414168801000000000000000000000000000000000000000000000000000000000000000000000000000000000000004274400000000000000000000000000   160415                                          1                                                  000081
10213247845000128416070035008805076  45680                    0004568060                                   102160415PED40626550004568060          23041500000000317760414168808000000000020000000000000000000000000000000000000000000000000000000000000000000000000000000000000000000000000000000000                                                                                                      000082
10213247845000128416070035008805076  45681                    0004568141                                   102160415PED34426590004568141          27041500000000259170414168808000000000020000000000000000000000000000000000000000000000000000000000000000000000000000000000000000000000000000000000                                                                                                      000083
10213247845000128416070035008805076  45682                    0004568222                                   102160415PED021409/0004568222          27041500000000198090412907608000000000020000000000000000000000000000000000000000000000000000000000000000000000000000000000000000000000000000000000                                                                                                      000084
10213247845000128416070035008805076  45683                    0004568303                                   102160415PED36726590004568303          27041500000000343890414168808000000000020000000000000000000000000000000000000000000000000000000000000000000000000000000000000000000000000000000000                                                                                                      000085
10213247845000128416070035008805076  45686                    0004568648                                   102160415PED34426590004568648          04051500000000282630414168808000000000020000000000000000000000000000000000000000000000000000000000000000000000000000000000000000000000000000000000                                                                                                      000086
10213247845000128416070035008805076  45688                    0004568893                                   102160415PED37526590004568893          11051500000000509490411636508000000000020000000000000000000000000000000000000000000000000000000000000000000000000000000000000000000000000000000000                                                                                                      000087
10213247845000128416070035008805076  45690                    0004569059                                   102160415PED36726590004569059          27041500000000443760411636508000000000020000000000000000000000000000000000000000000000000000000000000000000000000000000000000000000000000000000000                                                                                                      000088
10213247845000128416070035008805076  45691                    0004569148                                   102160415PED34426590004569148          11051500000000321840414168808000000000020000000000000000000000000000000000000000000000000000000000000000000000000000000000000000000000000000000000                                                                                                      000089
10213247845000128416070035008805076  45693                    0004569393                                   102160415PED34426590004569393          04051500000000186470411636508000000000020000000000000000000000000000000000000000000000000000000000000000000000000000000000000000000000000000000000                                                                                                      000090
10213247845000128416070035008805076  45694                    0004569474                                   102160415PED34426590004569474          11051500000000579530414168808000000000020000000000000000000000000000000000000000000000000000000000000000000000000000000000000000000000000000000000                                                                                                      000091
10213247845000128416070035008805076  45695                    0004569547                                   102160415PED10212650004569547          04051500000000202370412907608000000000020000000000000000000000000000000000000000000000000000000000000000000000000000000000000000000000000000000000                                                                                                      000092
10213247845000128416070035008805076  45696                    0004569628                                   102160415PED10212650004569628          21041500000000189970412907608000000000020000000000000000000000000000000000000000000000000000000000000000000000000000000000000000000000000000000000                                                                                                      000093
10213247845000128416070035008805076  45697                    0004569709                                   102160415PED40626590004569709          05051500000000457460414168808000000000020000000000000000000000000000000000000000000000000000000000000000000000000000000000000000000000000000000000                                                                                                      000094
10213247845000128416070035008805076  45698                    0004569881                                   102160415PED40626590004569881          28041500000000165760414168808000000000020000000000000000000000000000000000000000000000000000000000000000000000000000000000000000000000000000000000                                                                                                      000095
10213247845000128416070035008805076  45699                    0004569962                                   102160415PED40626590004569962          27041500000000174610414168808000000000020000000000000000000000000000000000000000000000000000000000000000000000000000000000000000000000000000000000                                                                                                      000096
10213247845000128416070035008805076  45700                    0004570022                                   102160415PED34426590004570022          21041500000000348390414168808000000000020000000000000000000000000000000000000000000000000000000000000000000000000000000000000000000000000000000000                                                                                                      000097
10213247845000128416070035008805076  45701                    0004570103                                   102160415PED34426590004570103          21041500000000280860414168808000000000020000000000000000000000000000000000000000000000000000000000000000000000000000000000000000000000000000000000                                                                                                      000098
10213247845000128416070035008805076  45702                    0004570286                                   102160415PED40626590004570286          05051500000000769280414168808000000000020000000000000000000000000000000000000000000000000000000000000000000000000000000000000000000000000000000000                                                                                                      000099
10213247845000128416070035008805076  45703                    0004570367                                   102160415PED37526590004570367          28041500000000441290414168808000000000020000000000000000000000000000000000000000000000000000000000000000000000000000000000000000000000000000000000                                                                                                      000100
10213247845000128416070035008805076  45704                    0004570448                                   102160415PED40626590004570448          05051500000000193300414168808000000000020000000000000000000000000000000000000000000000000000000000000000000000000000000000000000000000000000000000                                                                                                      000101
10213247845000128416070035008805076  45705                    0004570510                                   102160415PED021401/0004570510          20041500000000259170414168808000000000020000000000000000000000000000000000000000000000000000000000000000000000000000000000000000000000000000000000                                                                                                      000102
10213247845000128416070035008805076  45706                    0004570693                                   102160415PED10192650004570693          21041500000000464760414168808000000000020000000000000000000000000000000000000000000000000000000000000000000000000000000000000000000000000000000000                                                                                                      000103
10213247845000128416070035008805076  45708                    0004570855                                   102160415PED10192650004570855          27041500000000104700416973608000000000020000000000000000000000000000000000000000000000000000000000000000000000000000000000000000000000000000000000                                                                                                      000104
10213247845000128416070035008805076  45709                    0004570936                                   102160415PED37526590004570936          27041500000000229500419480308000000000020000000000000000000000000000000000000000000000000000000000000000000000000000000000000000000000000000000000                                                                                                      000105
10213247845000128416070035008805076  45710                    0004571010                                   102160415PED40626590004571010          05051500000000316590414168808000000000020000000000000000000000000000000000000000000000000000000000000000000000000000000000000000000000000000000000                                                                                                      000106
10213247845000128416070035008805076  45711                    0004571193                                   102160415PED40626590004571193          12051500000000316580414168808000000000020000000000000000000000000000000000000000000000000000000000000000000000000000000000000000000000000000000000                                                                                                      000107
10213247845000128416070035008805076  45712                    0004571274                                   102160415PED37526590004571274          21041500000000432900411974708000000000020000000000000000000000000000000000000000000000000000000000000000000000000000000000000000000000000000000000                                                                                                      000108
10213247845000128416070035008805076  45713                    0004571355                                   102160415PED37526590004571355          28041500000000136270411974708000000000020000000000000000000000000000000000000000000000000000000000000000000000000000000000000000000000000000000000                                                                                                      000109
10213247845000128416070035008805076  45714                    0004571436                                   102160415PED10192660004571436          28041500000000172760414168808000000000020000000000000000000000000000000000000000000000000000000000000000000000000000000000000000000000000000000000                                                                                                      000110
10213247845000128416070035008805076  45715                    0004571509                                   102160415PED10192650004571509          04051500000000181220416973608000000000020000000000000000000000000000000000000000000000000000000000000000000000000000000000000000000000000000000000                                                                                                      000111
10213247845000128416070035008805076  45716                    0004571681                                   102160415PED40626590004571681          04051500000000788760419480308000000000020000000000000000000000000000000000000000000000000000000000000000000000000000000000000000000000000000000000                                                                                                      000112
10213247845000128416070035008805076  45718                    0004571843                                   102160415PED37526590004571843          21041500000000137000417914608000000000020000000000000000000000000000000000000000000000000000000000000000000000000000000000000000000000000000000000                                                                                                      000113
10213247845000128416070035008805076  45720                    0004572009                                   102160415PED10212660004572009          21041500000000394520414101708000000000020000000000000000000000000000000000000000000000000000000000000000000000000000000000000000000000000000000000                                                                                                      000114
10213247845000128416070035008805076  45721                    0004572181                                   102160415PED10192650004572181          21041500000000139040419480308000000000020000000000000000000000000000000000000000000000000000000000000000000000000000000000000000000000000000000000                                                                                                      000115
10213247845000128416070035008805076  45722                    0004572262                                   102160415PED40626590004572262          21041500000000500920414168808000000000020000000000000000000000000000000000000000000000000000000000000000000000000000000000000000000000000000000000                                                                                                      000116
10213247845000128416070035008805076  45723                    0004572343                                   102160415PED40626590004572343          21041500000000500920414168808000000000020000000000000000000000000000000000000000000000000000000000000000000000000000000000000000000000000000000000                                                                                                      000117
10213247845000128416070035008805076  45724                    0004572424                                   102160415PED40626590004572424          21041500000000500910414168808000000000020000000000000000000000000000000000000000000000000000000000000000000000000000000000000000000000000000000000                                                                                                      000118
10213247845000128416070035008805076  45725                    0004572599                                   102160415PED40626590004572599          05051500000000385060414168808000000000020000000000000000000000000000000000000000000000000000000000000000000000000000000000000000000000000000000000                                                                                                      000119
10213247845000128416070035008805076  45726                    0004572688                                   102160415PED10192650004572688          28041500000000239530416973608000000000020000000000000000000000000000000000000000000000000000000000000000000000000000000000000000000000000000000000                                                                                                      000120
10213247845000128416070035008805076  45727                    0004572750                                   102160415PED10192650004572750          20041500000000118580416973608000000000020000000000000000000000000000000000000000000000000000000000000000000000000000000000000000000000000000000000                                                                                                      000121
10213247845000128416070035008805076  45728                    0004572831                                   102160415PED36726590004572831          05051500000000441670411636508000000000020000000000000000000000000000000000000000000000000000000000000000000000000000000000000000000000000000000000                                                                                                      000122
10213247845000128416070035008805076  45729                    0004572912                                   102160415PED36726590004572912          05051500000000441670411636508000000000020000000000000000000000000000000000000000000000000000000000000000000000000000000000000000000000000000000000                                                                                                      000123
10213247845000128416070035008805076  45730                    0004573099                                   102160415PED10212650004573099          21041500000000472920414101708000000000020000000000000000000000000000000000000000000000000000000000000000000000000000000000000000000000000000000000                                                                                                      000124
10213247845000128416070035008805076  45731                    0004573188                                   102160415PED36726590004573188          04051500000000243480416700808000000000020000000000000000000000000000000000000000000000000000000000000000000000000000000000000000000000000000000000                                                                                                      000125
10213247845000128416070035008805076  45732                    0004573250                                   102160415PED37526600004573250          28041500000000307500419407208000000000020000000000000000000000000000000000000000000000000000000000000000000000000000000000000000000000000000000000                                                                                                      000126
10213247845000128416070035008805076  45733                    0004573331                                   102160415PED36726600004573331          05051500000000443310414168808000000000020000000000000000000000000000000000000000000000000000000000000000000000000000000000000000000000000000000000                                                                                                      000127
10213247845000128416070035008805076  45734                    0004573412                                   102160415PED37526600004573412          28041500000000161490419407208000000000020000000000000000000000000000000000000000000000000000000000000000000000000000000000000000000000000000000000                                                                                                      000128
10213247845000128416070035008805076  45735                    0004573587                                   102160415PED10192650004573587          28041500000000812270416973608000000000020000000000000000000000000000000000000000000000000000000000000000000000000000000000000000000000000000000000                                                                                                      000129
10213247845000128416070035008805076  45736                    0004573668                                   102160415PED10192650004573668          21041500000000123120416973608000000000020000000000000000000000000000000000000000000000000000000000000000000000000000000000000000000000000000000000                                                                                                      000130
10213247845000128416070035008805076  45737                    0004573749                                   102160415PED37526590004573749          21041500000000231230417914608000000000020000000000000000000000000000000000000000000000000000000000000000000000000000000000000000000000000000000000                                                                                                      000131
10213247845000128416070035008805076  45738                    0004573838                                   102160415PED021420/0004573838          28041500000000612600417914608000000000020000000000000000000000000000000000000000000000000000000000000000000000000000000000000000000000000000000000                                                                                                      000132
10213247845000128416070035008805076  45739                    0004573900                                   102160415PED36726600004573900          20041500000001053660417914608000000000020000000000000000000000000000000000000000000000000000000000000000000000000000000000000000000000000000000000                                                                                                      000133
10213247845000128416070035008805076  45740                    0004574087                                   102160415PED37526590004574087          28041500000000164910419407208000000000020000000000000000000000000000000000000000000000000000000000000000000000000000000000000000000000000000000000                                                                                                      000134
10213247845000128416070035008805076  45741                    0004574168                                   102160415PED34426590004574168          19041500000000188300411636508000000000020000000000000000000000000000000000000000000000000000000000000000000000000000000000000000000000000000000000                                                                                                      000135
10213247845000128416070035008805076  45742                    0004574249                                   102160415PED34426600004574249          21041500000000497960412907608000000000020000000000000000000000000000000000000000000000000000000000000000000000000000000000000000000000000000000000                                                                                                      000136
10213247845000128416070035008805076  45744                    0004574400                                   102160415PED78826600004574400          12051500000000872180411636508000000000020000000000000000000000000000000000000000000000000000000000000000000000000000000000000000000000000000000000                                                                                                      000137
10213247845000128416070035008805076  45747                    0004574737                                   102160415PED10212660004574737          28041500000000109090412907608000000000020000000000000000000000000000000000000000000000000000000000000000000000000000000000000000000000000000000000                                                                                                      000138
10213247845000128416070035008805076  45749                    0004574990                                   102160415PED10222660004574990          17041500000000103850412329908000000000020000000000000000000000000000000000000000000000000000000000000000000000000000000000000000000000000000000000                                                                                                      000139
10213247845000128416070035008805076  45750                    0004575075                                   102160415PED78826590004575075          28041500000000135600416106908000000000020000000000000000000000000000000000000000000000000000000000000000000000000000000000000000000000000000000000                                                                                                      000140
10213247845000128416070035008805076  45751                    0004575156                                   102160415PED10222660004575156          28041500000000114380412329908000000000020000000000000000000000000000000000000000000000000000000000000000000000000000000000000000000000000000000000                                                                                                      000141
10213247845000128416070035008805076  45752                    0004575237                                   102160415PED37526590004575237          28041500000000149530412329908000000000020000000000000000000000000000000000000000000000000000000000000000000000000000000000000000000000000000000000                                                                                                      000142
10213247845000128416070035008805076  45754                    0004575490                                   102160415PED78826590004575490          28041500000000246980416106908000000000020000000000000000000000000000000000000000000000000000000000000000000000000000000000000000000000000000000000                                                                                                      000143
10213247845000128416070035008805076  45755                    0004575563                                   102160415PED78826590004575563          28041500000000438590412907608000000000020000000000000000000000000000000000000000000000000000000000000000000000000000000000000000000000000000000000                                                                                                      000144
10213247845000128416070035008805076  45756                    0004575644                                   102160415PED78826590004575644          28041500000000142180411636508000000000020000000000000000000000000000000000000000000000000000000000000000000000000000000000000000000000000000000000                                                                                                      000145
10213247845000128416070035008805076  45757                    0004575725                                   102160415PED78826590004575725          19041500000000204820416106908000000000020000000000000000000000000000000000000000000000000000000000000000000000000000000000000000000000000000000000                                                                                                      000146
10213247845000128416070035008805076  45758                    0004575806                                   102160415PED78826590004575806          05051500000000472930416106908000000000020000000000000000000000000000000000000000000000000000000000000000000000000000000000000000000000000000000000                                                                                                      000147
10213247845000128416070035008805076  45759                    0004575989                                   102160415PED10222660004575989          28041500000000574160412329908000000000020000000000000000000000000000000000000000000000000000000000000000000000000000000000000000000000000000000000                                                                                                      000148
10213247845000128416070035008805076  45760                    0004576063                                   102160415PED10222650004576063          27041500000000177550415496808000000000020000000000000000000000000000000000000000000000000000000000000000000000000000000000000000000000000000000000                                                                                                      000149
10213247845000128416070035008805076  45764                    0004576489                                   102160415PED021426/0004576489          05051500000000403880414168808000000000020000000000000000000000000000000000000000000000000000000000000000000000000000000000000000000000000000000000                                                                                                      000150
10213247845000128416070035008805076  45766                    0004576632                                   102160415PED10192660004576632          28041500000000242510414168808000000000020000000000000000000000000000000000000000000000000000000000000000000000000000000000000000000000000000000000                                                                                                      000151
10213247845000128416070035008805076  45767                    0004576713                                   102160415PED10192660004576713          28041500000000389150414168808000000000020000000000000000000000000000000000000000000000000000000000000000000000000000000000000000000000000000000000                                                                                                      000152
10213247845000128416070035008805076  45768                    0004576896                                   102160415PED10192660004576896          28041500000000141430414168808000000000020000000000000000000000000000000000000000000000000000000000000000000000000000000000000000000000000000000000                                                                                                      000153
10213247845000128416070035008805076  45769                    0004576977                                   102160415PED40626600004576977          28041500000002035260419407208000000000020000000000000000000000000000000000000000000000000000000000000000000000000000000000000000000000000000000000                                                                                                      000154
10213247845000128416070035008805076  45770                    0004577051                                   102160415PED78826600004577051          05051500000000443490412907608000000000020000000000000000000000000000000000000000000000000000000000000000000000000000000000000000000000000000000000                                                                                                      000155
10213247845000128416070035008805076  45771                    0004577132                                   102160415PED36726600004577132          19041500000000688460414168808000000000020000000000000000000000000000000000000000000000000000000000000000000000000000000000000000000000000000000000                                                                                                      000156
10213247845000128416070035008805076  45773                    0004577396                                   102160415PED37526600004577396          17041500000000107500412329908000000000020000000000000000000000000000000000000000000000000000000000000000000000000000000000000000000000000000000000                                                                                                      000157
10213247845000128416070035008805076  45774                    0004577477                                   102160415PED10192660004577477          24041500000000172920414168808000000000020000000000000000000000000000000000000000000000000000000000000000000000000000000000000000000000000000000000                                                                                                      000158
10213247845000128416070035008805076  45775                    0004577558                                   102160415PED37526600004577558          21041500000000116220411974708000000000020000000000000000000000000000000000000000000000000000000000000000000000000000000000000000000000000000000000                                                                                                      000159
10213247845000128416070035008805076  45780                    0004578058                                   102160415PED78826600004578058          12051500000000176380411636508000000000020000000000000000000000000000000000000000000000000000000000000000000000000000000000000000000000000000000000                                                                                                      000160
10213247845000128416070035008805076  45781                    0004578120                                   102160415PED78826600004578120          19041500000000506750411636508000000000020000000000000000000000000000000000000000000000000000000000000000000000000000000000000000000000000000000000                                                                                                      000161
10213247845000128416070035008805076  45782                    0004578201                                   102160415PED34426590004578201          28041500000000139220411636508000000000020000000000000000000000000000000000000000000000000000000000000000000000000000000000000000000000000000000000                                                                                                      000162
10213247845000128416070035008805076  45783                    0004578384                                   102160415PED10212660004578384          28041500000000307310412907608000000000020000000000000000000000000000000000000000000000000000000000000000000000000000000000000000000000000000000000                                                                                                      000163
10213247845000128416070035008805076  45784                    0004578465                                   102160415PED78826590004578465          22041500000000197130412907608000000000020000000000000000000000000000000000000000000000000000000000000000000000000000000000000000000000000000000000                                                                                                      000164
10213247845000128416070035008805076  45785                    0004578538                                   102160415PED10222650004578538          29041500000000057870415496808000000000020000000000000000000000000000000000000000000000000000000000000000000000000000000000000000000000000000000000                                                                                                      000165
10213247845000128416070035008805076  45786                    0004578619                                   102160415PED10222650004578619          29041500000000087540415496808000000000020000000000000000000000000000000000000000000000000000000000000000000000000000000000000000000000000000000000                                                                                                      000166
10213247845000128416070035008805076  45787                    0004578791                                   102160415PED10222650004578791          21041500000000250500411974708000000000020000000000000000000000000000000000000000000000000000000000000000000000000000000000000000000000000000000000                                                                                                      000167
10213247845000128416070035008805076  45788                    0004578872                                   102160415PED78826590004578872          29041500000000419180416106908000000000020000000000000000000000000000000000000000000000000000000000000000000000000000000000000000000000000000000000                                                                                                      000168
10213247845000128416070035008805076  45789                    0004578953                                   102160415PED10222660004578953          29041500000000115060412329908000000000020000000000000000000000000000000000000000000000000000000000000000000000000000000000000000000000000000000000                                                                                                      000169
10213247845000128416070035008805076  45790                    0004579038                                   102160415PED10222660004579038          29041500000000198440412329908000000000020000000000000000000000000000000000000000000000000000000000000000000000000000000000000000000000000000000000                                                                                                      000170
10213247845000128416070035008805076  45791                    0004579119                                   102160415PED10222650004579119          29041500000000228140415496808000000000020000000000000000000000000000000000000000000000000000000000000000000000000000000000000000000000000000000000                                                                                                      000171
10213247845000128416070035008805076  45792                    0004579291                                   102160415PED34426600004579291          29041500000000261460411974708000000000020000000000000000000000000000000000000000000000000000000000000000000000000000000000000000000000000000000000                                                                                                      000172
10213247845000128416070035008805076  45793                    0004579372                                   102160415PED10222650004579372          29041500000000189750411974708000000000020000000000000000000000000000000000000000000000000000000000000000000000000000000000000000000000000000000000                                                                                                      000173
10213247845000128416070035008805076  45794                    0004579453                                   102160415PED10222650004579453          29041500000000166060415496808000000000020000000000000000000000000000000000000000000000000000000000000000000000000000000000000000000000000000000000                                                                                                      000174
10213247845000128416070035008805076  45795                    0004579526                                   102160415PED10222650004579526          29041500000000252300415496808000000000020000000000000000000000000000000000000000000000000000000000000000000000000000000000000000000000000000000000                                                                                                      000175
10213247845000128416070035008805076  45796                    0004579607                                   102160415PED021424/0004579607          12051500000000013790412907608000000000020000000000000000000000000000000000000000000000000000000000000000000000000000000000000000000000000000000000                                                                                                      000176
10213247845000128416070035008805076  45797                    0004579798                                   102160415PED10212660004579798          18041500000000219560412907608000000000020000000000000000000000000000000000000000000000000000000000000000000000000000000000000000000000000000000000                                                                                                      000177
10213247845000128416070035008805076  45798                    0004579860                                   102160415PED78826600004579860          29041500000000689000412907608000000000020000000000000000000000000000000000000000000000000000000000000000000000000000000000000000000000000000000000                                                                                                      000178
10213247845000128416070035008805076  45799                    0004579941                                   102160415PED40626600004579941          29041500000000184700414168808000000000020000000000000000000000000000000000000000000000000000000000000000000000000000000000000000000000000000000000                                                                                                      000179
10213247845000128416070035008805076  45800                    0004580001                                   102160415PED10192660004580001          29041500000000205710414168808000000000020000000000000000000000000000000000000000000000000000000000000000000000000000000000000000000000000000000000                                                                                                      000180
10213247845000128416070035008805076  45801                    0004580184                                   102160415PED10192660004580184          22041500000000291830414168808000000000020000000000000000000000000000000000000000000000000000000000000000000000000000000000000000000000000000000000                                                                                                      000181
10213247845000128416070035008805076  45802                    0004580265                                   102160415PED36726600004580265          29041500000000332350414168808000000000020000000000000000000000000000000000000000000000000000000000000000000000000000000000000000000000000000000000                                                                                                      000182
10213247845000128416070035008805076  45803                    0004580346                                   102160415PED36726600004580346          06051500000000332340414168808000000000020000000000000000000000000000000000000000000000000000000000000000000000000000000000000000000000000000000000                                                                                                      000183
10213247845000128416070035008805076  45805                    0004580591                                   102160415PED78826600004580591          29041500000000389360414168808000000000020000000000000000000000000000000000000000000000000000000000000000000000000000000000000000000000000000000000                                                                                                      000184
10213247845000128416070035008805076  45806                    0004580672                                   102160415PED78826600004580672          06051500000000389350414168808000000000020000000000000000000000000000000000000000000000000000000000000000000000000000000000000000000000000000000000                                                                                                      000185
10213247845000128416070035008805076  45807                    0004580753                                   102160415PED78826600004580753          29041500000000151140414168808000000000020000000000000000000000000000000000000000000000000000000000000000000000000000000000000000000000000000000000                                                                                                      000186
10213247845000128416070035008805076  45808                    0004580834                                   102160415PED36726600004580834          28041500000000107620414168808000000000020000000000000000000000000000000000000000000000000000000000000000000000000000000000000000000000000000000000                                                                                                      000187
10213247845000128416070035008805076  45809                    0004580915                                   102160415PED40626600004580915          29041500000000236380414168808000000000020000000000000000000000000000000000000000000000000000000000000000000000000000000000000000000000000000000000                                                                                                      000188
10213247845000128416070035008805076  45810                    0004581091                                   102160415PED40626600004581091          28041500000000314700414168808000000000020000000000000000000000000000000000000000000000000000000000000000000000000000000000000000000000000000000000                                                                                                      000189
10213247845000128416070035008805076  45811                    0004581172                                   102160415PED40626610004581172          06051500000000701710414168808000000000020000000000000000000000000000000000000000000000000000000000000000000000000000000000000000000000000000000000                                                                                                      000190
10213247845000128416070035008805076  45812                    0004581253                                   102160415PED10192660004581253          28041500000000655640414168808000000000020000000000000000000000000000000000000000000000000000000000000000000000000000000000000000000000000000000000                                                                                                      000191
10213247845000128416070035008805076  45814                    0004581415                                   102160415PED34426600004581415          05051500000000416530411636508000000000020000000000000000000000000000000000000000000000000000000000000000000000000000000000000000000000000000000000                                                                                                      000192
10213247845000128416070035008805076  45815                    0004581598                                   102160415PED10192660004581598          06051500000000255750414168808000000000020000000000000000000000000000000000000000000000000000000000000000000000000000000000000000000000000000000000                                                                                                      000193
10213247845000128416070035008805076  45816                    0004581660                                   102160415PED37526600004581660          06051500000000572410411636508000000000020000000000000000000000000000000000000000000000000000000000000000000000000000000000000000000000000000000000                                                                                                      000194
10213247845000128416070035008805076  45817                    0004581741                                   102160415PED37526610004581741          22041500000000506580411636508000000000020000000000000000000000000000000000000000000000000000000000000000000000000000000000000000000000000000000000                                                                                                      000195
10213247845000128416070035008805076  45818                    0004581822                                   102160415PED34426600004581822          22041500000000247650411636508000000000020000000000000000000000000000000000000000000000000000000000000000000000000000000000000000000000000000000000                                                                                                      000196
10213247845000128416070035008805076  45819                    0004581903                                   102160415PED34426610004581903          06051500000000390990411636508000000000020000000000000000000000000000000000000000000000000000000000000000000000000000000000000000000000000000000000                                                                                                      000197
10213247845000128416070035008805076  45820                    0004582098                                   102160415PED36726610004582098          06051500000000278000416700808000000000020000000000000000000000000000000000000000000000000000000000000000000000000000000000000000000000000000000000                                                                                                      000198
10213247845000128416070035008805076  45821                    0004582160                                   102160415PED37526610004582160          29041500000000222280419407208000000000020000000000000000000000000000000000000000000000000000000000000000000000000000000000000000000000000000000000                                                                                                      000199
10213247845000128416070035008805076  45822                    0004582241                                   102160415PED37526610004582241          29041500000000171880414168808000000000020000000000000000000000000000000000000000000000000000000000000000000000000000000000000000000000000000000000                                                                                                      000200
10213247845000128416070035008805076  45823                    0004582322                                   102160415PED36726600004582322          29041500000000200460414168808000000000020000000000000000000000000000000000000000000000000000000000000000000000000000000000000000000000000000000000                                                                                                      000201
10213247845000128416070035008805076  45824                    0004582403                                   102160415PED78826600004582403          13051500000000141860414168808000000000020000000000000000000000000000000000000000000000000000000000000000000000000000000000000000000000000000000000                                                                                                      000202
10213247845000128416070035008805076  45825                    0004582578                                   102160415PED40626610004582578          29041500000001438200414168808000000000020000000000000000000000000000000000000000000000000000000000000000000000000000000000000000000000000000000000                                                                                                      000203
10213247845000128416070035008805076  45826                    0004582659                                   102160415PED40626610004582659          06051500000000958800414168808000000000020000000000000000000000000000000000000000000000000000000000000000000000000000000000000000000000000000000000                                                                                                      000204
10213247845000128416070035008805076  45827                    0004582748                                   102160415PED36726600004582748          29041500000000439490417914608000000000020000000000000000000000000000000000000000000000000000000000000000000000000000000000000000000000000000000000                                                                                                      000205
10213247845000128416070035008805076  45828                    0004582810                                   102160415PED36726600004582810          06051500000000277160417914608000000000020000000000000000000000000000000000000000000000000000000000000000000000000000000000000000000000000000000000                                                                                                      000206
10213247845000128416070035008805076  45829                    0004582993                                   102160415PED37526600004582993          06051500000000273320419407208000000000020000000000000000000000000000000000000000000000000000000000000000000000000000000000000000000000000000000000                                                                                                      000207
10213247845000128416070035008805076  45830                    0004583078                                   102160415PED10192660004583078          29041500000000443880414168808000000000020000000000000000000000000000000000000000000000000000000000000000000000000000000000000000000000000000000000                                                                                                      000208
10213247845000128416070035008805076  45832                    0004583248                                   102160415PED34426600004583248          22041500000000558790414168808000000000020000000000000000000000000000000000000000000000000000000000000000000000000000000000000000000000000000000000                                                                                                      000209
10213247845000128416070035008805076  45833                    0004583310                                   102160415PED78826610004583310          13051500000000453290412907608000000000020000000000000000000000000000000000000000000000000000000000000000000000000000000000000000000000000000000000                                                                                                      000210
10213247845000128416070035008805076  45834                    0004583493                                   102160415PED78826610004583493          13051500000000429590412907608000000000020000000000000000000000000000000000000000000000000000000000000000000000000000000000000000000000000000000000                                                                                                      000211
10213247845000128416070035008805076  45835                    0004583566                                   102160415PED10192660004583566          22041500000000117160414168808000000000020000000000000000000000000000000000000000000000000000000000000000000000000000000000000000000000000000000000                                                                                                      000212
10213247845000128416070035008805076  45836                    0004583647                                   102160415PED40626600004583647          13051500000000567640414168808000000000020000000000000000000000000000000000000000000000000000000000000000000000000000000000000000000000000000000000                                                                                                      000213
10213247845000128416070035008805076  45837                    0004583728                                   102160415PED10212660004583728          18041500000000137950412907608000000000020000000000000000000000000000000000000000000000000000000000000000000000000000000000000000000000000000000000                                                                                                      000214
10213247845000128416070035008805076  45838                    0004583809                                   102160415PED34426610004583809          29041500000000212960411636508000000000020000000000000000000000000000000000000000000000000000000000000000000000000000000000000000000000000000000000                                                                                                      000215
10213247845000128416070035008805076  45839                    0004583981                                   102160415PED34426610004583981          22041500000000650970412907608000000000020000000000000000000000000000000000000000000000000000000000000000000000000000000000000000000000000000000000                                                                                                      000216
10213247845000128416070035008805076  45840                    0004584066                                   102160415PED78826600004584066          22041500000000657230414168808000000000020000000000000000000000000000000000000000000000000000000000000000000000000000000000000000000000000000000000                                                                                                      000217
10213247845000128416070035008805076  45841                    0004584147                                   102160415PED78826600004584147          13051500000000321810414168808000000000020000000000000000000000000000000000000000000000000000000000000000000000000000000000000000000000000000000000                                                                                                      000218
10213247845000128416070035008805076  45842                    0004584228                                   102160415PED78826600004584228          05051500000000234360414168808000000000020000000000000000000000000000000000000000000000000000000000000000000000000000000000000000000000000000000000                                                                                                      000219
10213247845000128416070035008805076  45843                    0004584309                                   102160415PED10192660004584309          29041500000000132760414168808000000000020000000000000000000000000000000000000000000000000000000000000000000000000000000000000000000000000000000000                                                                                                      000220
10213247845000128416070035008805076  45844                    0004584481                                   102160415PED36726600004584481          29041500000000351770414168808000000000020000000000000000000000000000000000000000000000000000000000000000000000000000000000000000000000000000000000                                                                                                      000221
9201041          000004580000001773410900000000 00001400000000048494150000061000000002500727                                                                                                                                                                                                                                                                                                              000222
