02RETORNO01COBRANCA       416070035008        DISTRIBUIDORA DE ALIMENTOS BIL041BANRISUL       22041501600BPI                                                                                                                                                                                                                                                                                              000001
10213247845000128416070035008815055  44517                    0004451716          2014041630105001000003   306200415PED10192630004451716          15041500000000389700410109008000000000000000000000000000000000000000000000000000000000000000000000000000000000000003897000000000005850000000000000   220415                                         13                                                  000002
10213247845000128416070035008815055  44647                    0004464761          2013041630105001000013   306200415PED10192630004464761          15041500000000473430410109008000000000000000000000000000000000000000000000000000000000000000000000000000000000000004734300000000007100000000000000   220415                                         13                                                  000003
10213247845000128416070035008815055  44717                    0004471776          2014041630105001000003   306200415PED78826380004471776          20041500000000390720334135108000000000000000000000000000000000000000000000000000000000000000000000000000000000000003907200000000000000000000000000   220415                                         17                                                  000004
10213247845000128416070035008815055  44718                    0004471857          2013041630105001000013   306200415PED78826380004471857          20041500000000249780334135108000000000000000000000000000000000000000000000000000000000000000000000000000000000000002497800000000000000000000000000   220415                                         17                                                  000005
10213247845000128416070035008815055  44721                    0004472195          2014041630105001000003   306200415PED40626380004472195          20041500000000139200334135108000000000000000000000000000000000000000000000000000000000000000000000000000000000000001392000000000000000000000000000   220415                                         13                                                  000006
10213247845000128416070035008815055  44749                    0004474902          2014041630105001000005   306200415PED37526380004474902          20041500000000335237484135108000000000000000000000000000000000000000000000000000000000000000000000000000000000000003352300000000000000000000000000   220415                                         11                                                  000007
10213247845000128416070035008805076  44761                    0004476158                                   106200415PED34426380004476158          20041500000000566760410109008000000000000000000000000000000000000000000000000000000000000000000000000000000000000005667600000000000000000000000000   220415                                         16                                                  000008
10213247845000128416070035008815055  44807                    0004480767          2014041630105001000005   323220415PED36726390004480767          14041500000000265180416700808000000000000000000000000000000000000000000000000000000000000000000000000000000000000000000000000000000000000000000000                                                                                                      000009
10213247845000128416070035008815055  44874                    0004487478          2014041630105001000005   306200415PED78826390004487478          22041500000000304831044135108000000000000000000000000000000000000000000000000000000000000000000000000000000000000003048300000000000000000000000000   220415                                         15                                                  000010
10213247845000128416070035008805998                           0004491408                                   106200415          0004491408          22041500000000123890014135100000000000020000000000000000000000000000000000000000000000000000000000000000000000000001238900000000000000000000000000   220415                                         11                                                  000011
10213247845000128416070035008805998                           0004491572                                   106200415          0004491572          15041500000000600460417914600000000000020000000000000000000000000000000000000000000000000000000000000000000000000006004600000000007200000000000000   220415                                         11                                                  000012
10213247845000128416070035008805998                           0004494393                                   106200415          0004494393          16041500000000242590411636500000000000020000000000000000000000000000000000000000000000000000000000000000000000000002425900000000002920000000000000   220415                                         11                                                  000013
10213247845000128416070035008805998                           0004495888                                   106200415          0004495888          16041500000000132000411636500000000000020000000000000000000000000000000000000000000000000000000000000000000000000001320000000000000000000000000000   220415                                         11                                                  000014
10213247845000128416070035008805998                           0004496523                                   106200415          0004496523          16041500000000384330413087200000000000020000000000000000000000000000000000000000000000000000000000000000000000000003843300000000004600000000000000   220415                                         11                                                  000015
10213247845000128416070035008805998                           0004504941                                   106200415          0004504941          20041500000000158751044135100000000000020000000000000000000000000000000000000000000000000000000000000000000000000001587500000000000000000000000000   220415                                         12                                                  000016
10213247845000128416070035008805998                           0004505298                                   106200415          0004505298          20041500000000132150414168800000000000020000000000000000000000000000000000000000000000000000000000000000000000000001321500000000000000000000000000   220415                                         11                                                  000017
10213247845000128416070035008805998                           0004507266                                   106200415          0004507266          20041500000000236680410109000000000000020000000000000000000000000000000000000000000000000000000000000000000000000002366800000000000000000000000000   220415                                         16                                                  000018
10213247845000128416070035008805998                           0004507347                                   106200415          0004507347          20041500000000317561044135100000000000020000000000000000000000000000000000000000000000000000000000000000000000000003175600000000000000000000000000   220415                                         15                                                  000019
10213247845000128416070035008815055  45080                    0004508092          2014041630105001000005   306200415PED34426450004508092          20041500000000383270410109008000000000000000000000000000000000000000000000000000000000000000000000000000000000000003832700000000000000000000000000   220415                                         16                                                  000020
10213247845000128416070035008815055  45098                    0004509811          2014041630105001000005   306200415PED34426450004509811          20041500000000147470014135108000000000000000000000000000000000000000000000000000000000000000000000000000000000000001474700000000000000000000000000   220415                                         15                                                  000021
10213247845000128416070035008815055  45121                    0004512111          2014041630105001000005   306200415PED10192640004512111          21041500000000111887564135108000000000000000000000000000000000000000000000000000000000000000000000000000000000000001118800000000000000000000000000   220415                                         15                                                  000022
10213247845000128416070035008815055  45126                    0004512618          2014041630105001000003   306200415PED40626450004512618          21041500000000198720014135108000000000000000000000000000000000000000000000000000000000000000000000000000000000000001987200000000000000000000000000   220415                                         11                                                  000023
10213247845000128416070035008805076  45147                    0004514769                                   106200415PED36726460004514769          14041500000000558580417914608000000000000000000000000000000000000000000000000000000000000000000000000000000000000005585800000000010080000000000000   220415                                         11                                                  000024
10213247845000128416070035008815055  45150                    0004515005          2014041630105001000003   323220415PED40626460004515005          14041500000000332220414168808000000000000000000000000000000000000000000000000000000000000000000000000000000000000000000000000000000000000000000000                                                                                                      000025
10213247845000128416070035008815055  45152                    0004515269          2014041630105001000005   306200415PED10192640004515269          21041500000000170881044135108000000000000000000000000000000000000000000000000000000000000000000000000000000000000001708800000000000000000000000000   220415                                         15                                                  000026
10213247845000128416070035008815055  45156                    0004515676          2014041630105001000005   323220415PED40626460004515676          14041500000000393270414168808000000000000000000000000000000000000000000000000000000000000000000000000000000000000000000000000000000000000000000000                                                                                                      000027
10213247845000128416070035008805998                           0004517652                                   106200415          0004517652          14041500000000105430414168800000000000020000000000000000000000000000000000000000000000000000000000000000000000000001054300000000001920000000000000   220415                                         11                                                  000028
10213247845000128416070035008805998                           0004518802                                   106200415          0004518802          21041500000000314320413087200000000000020000000000000000000000000000000000000000000000000000000000000000000000000003143200000000000000000000000000   220415                                         11                                                  000029
10213247845000128416070035008805998                           0004521285                                   106200415          0004521285          22041500000000268741044135100000000000020000000000000000000000000000000000000000000000000000000000000000000000000002687400000000000000000000000000   220415                                         15                                                  000030
10213247845000128416070035008815055  45300                    0004530012          2014041630105001000003   306200415PED021186/0004530012          16041500000000455270417914608000000000000000000000000000000000000000000000000000000000000000000000000000000000000004552700000000005480000000000000   220415                                         11                                                  000031
10213247845000128416070035008805076  45316                    0004531671                                   106200415PED78826470004531671          16041500000001109140410109008000000000000000000000000000000000000000000000000000000000000000000000000000000000000011091400000000013320000000000000   220415                                         16                                                  000032
10213247845000128416070035008805076  45326                    0004532678                                   132220415PED40626480004532678          23041500000000187730414168801000000000000000000000000000000000000000000000000000000000000000000000000000000000000001877300000000000000000000000000   220415                                          1                                                  000033
10213247845000128416070035008815055  45330                    0004533089          2014041630105001000014   306200415PED021229/0004533089          20041500000000104170410109008000000000000000000000000000000000000000000000000000000000000000000000000000000000000001041700000000000000000000000000   220415                                         11                                                  000034
10213247845000128416070035008805076  45332                    0004533240                                   106200415PED36726520004533240          20041500000001006250410109008000000000000000000000000000000000000000000000000000000000000000000000000000000000000010062500000000000000000000000000   220415                                         16                                                  000035
10213247845000128416070035008815055  45334                    0004533402          2014041630105001000005   306200415PED34426520004533402          20041500000000262370410109008000000000000000000000000000000000000000000000000000000000000000000000000000000000000002623700000000000000000000000000   220415                                         16                                                  000036
10213247845000128416070035008805076  45357                    0004535715                                   106200415PED34426520004535715          20041500000002447490410109008000000000000000000000000000000000000000000000000000000000000000000000000000000000000024474900000000000000000000000000   220415                                         11                                                  000037
10213247845000128416070035008815055  45361                    0004536134          2014041630105001000003   306200415PED34426520004536134          20041500000000231980410109008000000000000000000000000000000000000000000000000000000000000000000000000000000000000002319800000000000000000000000000   220415                                         16                                                  000038
10213247845000128416070035008805076  45366                    0004536622                                   106200415PED10212650004536622          20041500000000226760334135108000000000000000000000000000000000000000000000000000000000000000000000000000000000000002267600000000000000000000000000   220415                                         13                                                  000039
10213247845000128416070035008815055  45372                    0004537203          2014041630105001000003   306200415PED40626520004537203          20041500000000299100410109008000000000000000000000000000000000000000000000000000000000000000000000000000000000000002991000000000000000000000000000   220415                                         16                                                  000040
10213247845000128416070035008815055  45374                    0004537467          2014041630105001000003   306200415PED37526520004537467          20041500000000164631044135108000000000000000000000000000000000000000000000000000000000000000000000000000000000000001646300000000000000000000000000   220415                                         15                                                  000041
10213247845000128416070035008805076  45380                    0004538048                                   123220415PED37526520004538048          14041500000000464110411974708000000000000000000000000000000000000000000000000000000000000000000000000000000000000000000000000000000000000000000000                                                                                                      000042
10213247845000128416070035008805076  45382                    0004538293                                   106200415PED40626520004538293          21041500000001440190014135108000000000000000000000000000000000000000000000000000000000000000000000000000000000000014401900000000000000000000000000   220415                                         11                                                  000043
10213247845000128416070035008805076  45387                    0004538781                                   110220415PED40626530004538781          14041500000000524370414168808000000000000000000000000000000000000000000000000000000000000000000000000000000000000005243700000000000000000000000000   220415                                         1                                                   000044
10213247845000128416070035008805076  45388                    0004538862                                   110220415PED40626530004538862          14041500000000524370414168808000000000000000000000000000000000000000000000000000000000000000000000000000000000000005243700000000000000000000000000   220415                                         1                                                   000045
10213247845000128416070035008805076  45395                    0004539516                                   106200415PED021260/0004539516          21041500000000567220417914608000000000000000000000000000000000000000000000000000000000000000000000000000000000000005672200000000000000000000000000   220415                                         11                                                  000046
10213247845000128416070035008805076  45397                    0004539788                                   106200415PED10192650004539788          20041500000000123392374135108000000000000000000000000000000000000000000000000000000000000000000000000000000000000001233900000000000000000000000000   220415                                         15                                                  000047
10213247845000128416070035008805076  45400                    0004540093                                   123220415PED10192650004540093          13041500000000102920419480308000000000000000000000000000000000000000000000000000000000000000000000000000000000000000000000000000000000000000000000                                                                                                      000048
10213247845000128416070035008805076  45404                    0004540417                                   123220415PED10192650004540417          14041500000000223290419480308000000000000000000000000000000000000000000000000000000000000000000000000000000000000000000000000000000000000000000000                                                                                                      000049
10213247845000128416070035008805076  45414                    0004541405                                   110220415PED40626530004541405          14041500000002365170414168808000000000000000000000000000000000000000000000000000000000000000000000000000000000000023651700000000000000000000000000   220415                                         1                                                   000050
10213247845000128416070035008815055  45416                    0004541650          2014041630105001000005   306200415PED10222650004541650          21041500000000212100410109008000000000000000000000000000000000000000000000000000000000000000000000000000000000000002121000000000000000000000000000   220415                                         16                                                  000051
10213247845000128416070035008815055  45417                    0004541731          2014041630105001000003   306200415PED10222650004541731          20041500000000156021044135108000000000000000000000000000000000000000000000000000000000000000000000000000000000000001560200000000000000000000000000   220415                                         15                                                  000052
10213247845000128416070035008805998                           0004542649                                   106200415          0004542649          20041500000000162281044135100000000000020000000000000000000000000000000000000000000000000000000000000000000000000001622800000000000000000000000000   220415                                         15                                                  000053
10213247845000128416070035008815055  45428                    0004542800          2014041630105001000003   306200415PED78826520004542800          21041500000000112490410109008000000000000000000000000000000000000000000000000000000000000000000000000000000000000001124900000000000000000000000000   220415                                         11                                                  000054
10213247845000128416070035008815055  45439                    0004543971          2014041630105001000003   306200415PED40626530004543971          21041500000000191060410109008000000000000000000000000000000000000000000000000000000000000000000000000000000000000001910600000000000000000000000000   220415                                         16                                                  000055
10213247845000128416070035008815055  45440                    0004544056          2014041630105001000003   306200415PED36726530004544056          21041500000000194912374135108000000000000000000000000000000000000000000000000000000000000000000000000000000000000001949100000000000000000000000000   220415                                         15                                                  000056
10213247845000128416070035008815055  45445                    0004544544          2014041630105001000003   306200415PED78826530004544544          21041500000000194053414135108000000000000000000000000000000000000000000000000000000000000000000000000000000000000001940500000000000000000000000000   220415                                         13                                                  000057
10213247845000128416070035008815055  45455                    0004545532          2014041630105001000003   306200415PED34426530004545532          22041500000000275130410109008000000000000000000000000000000000000000000000000000000000000000000000000000000000000002751300000000000000000000000000   220415                                         16                                                  000058
10213247845000128416070035008815055  45459                    0004545958          2013041630105001000013   306200415PED36726530004545958          22041500000000368820410109008000000000000000000000000000000000000000000000000000000000000000000000000000000000000003688200000000000000000000000000   220415                                         16                                                  000059
10213247845000128416070035008815055  45464                    0004546458          2014041630105001000003   306200415PED37526530004546458          21041500000000384200410109008000000000000000000000000000000000000000000000000000000000000000000000000000000000000003842000000000000000000000000000   220415                                         11                                                  000060
10213247845000128416070035008805076  45472                    0004547284                                   106200415PED10212650004547284          22041500000000487391044135108000000000000000000000000000000000000000000000000000000000000000000000000000000000000004873900000000000000000000000000   220415                                         15                                                  000061
10213247845000128416070035008815055  45489                    0004548922          2014041630105001000003   306200415PED40626540004548922          22041500000000179460410109008000000000000000000000000000000000000000000000000000000000000000000000000000000000000001794600000000000000000000000000   220415                                         11                                                  000062
10213247845000128416070035008805076  45490                    0004549007                                   106200415PED10192650004549007          22041500000000906770410109008000000000000000000000000000000000000000000000000000000000000000000000000000000000000009067700000000000000000000000000   220415                                         16                                                  000063
10213247845000128416070035008815055  45503                    0004550307          2014041630105001000003   306200415PED36726530004550307          22041500000000385330413087208000000000000000000000000000000000000000000000000000000000000000000000000000000000000003853300000000000000000000000000   220415                                         11                                                  000064
10213247845000128416070035008815055  45508                    0004550897          2013041630105001000013   306200415PED78826530004550897          22041500000000363341044135108000000000000000000000000000000000000000000000000000000000000000000000000000000000000003633400000000000000000000000000   220415                                         15                                                  000065
10213247845000128416070035008805076  45513                    0004551397                                   106200415PED34426530004551397          15041500000000509800411636508000000000000000000000000000000000000000000000000000000000000000000000000000000000000005098000000000007650000000000000   220415                                         11                                                  000066
10213247845000128416070035008815055  45525                    0004552539          2014041630105001000003   306200415PED40626530004552539          22041500000000277041044135108000000000000000000000000000000000000000000000000000000000000000000000000000000000000002770400000000000000000000000000   220415                                         15                                                  000067
10213247845000128416070035008815055  45528                    0004552873          2014041630105001000005   306200415PED37526540004552873          22041500000000094357564135108000000000000000000000000000000000000000000000000000000000000000000000000000000000000000943500000000000000000000000000   220415                                         13                                                  000068
10213247845000128416070035008815055  45543                    0004554361          2014041630105001000003   306200415PED37526540004554361          16041500000000211650419480308000000000000000000000000000000000000000000000000000000000000000000000000000000000000002116500000000002560000000000000   220415                                         11                                                  000069
10213247845000128416070035008815055  45564                    0004556429          2014041630105001000005   306200415PED36726540004556429          23041500000000098160413087208000000000000000000000000000000000000000000000000000000000000000000000000000000000000000981600000000000000000000000000   220415                                         11                                                  000070
10213247845000128416070035008815055  45595                    0004559568          2014041630105001000003   323220415PED10192650004559568          16041500000000203640414168808000000000000000000000000000000000000000000000000000000000000000000000000000000000000000000000000000000000000000000000                                                                                                      000071
10213247845000128416070035008805076  45598                    0004559800                                   106200415PED40626550004559800          19041500000000958942374135108000000000000000000000000000000000000000000000000000000000000000000000000000000000000009589400000000000000000000000000   220415                                         15                                                  000072
10213247845000128416070035008815055  45606                    0004560612          2013041630105001000013   306200415PED10192650004560612          16041500000000113290414168808000000000000000000000000000000000000000000000000000000000000000000000000000000000000001132900000000001360000000000000   220415                                         11                                                  000073
10213247845000128416070035008815055  45612                    0004561295          2013041630105001000013   306200415PED10192650004561295          23041500000000116561044135108000000000000000000000000000000000000000000000000000000000000000000000000000000000000001165600000000000000000000000000   220415                                         15                                                  000074
10213247845000128416070035008815055  45633                    0004563352          2013041630105001000013   306200415PED10222650004563352          24041500000000084200410109008000000000000000000000000000000000000000000000000000000000000000000000000000000000000000842000000000000000000000000000   220415                                         16                                                  000075
10213247845000128416070035008815055  45644                    0004564421          2013041630105001000013   306200415PED78826560004564421          17041500000000165770413087208000000000000000000000000000000000000000000000000000000000000000000000000000000000000001657700000000001500000000000000   220415                                         11                                                  000076
10213247845000128416070035008805076  45656                    0004565665                                   106200415PED34426560004565665          20041500000000497761044135108000000000000000000000000000000000000000000000000000000000000000000000000000000000000004977600000000000000000000000000   220415                                         15                                                  000077
10213247845000128416070035008805076  45668                    0004566815                                   106200415PED40626590004566815          19041500000000481861044135108000000000000000000000000000000000000000000000000000000000000000000000000000000000000004818600000000000000000000000000   220415                                         13                                                  000078
10213247845000128416070035008805076  45676                    0004567641                                   106200415PED78826590004567641          20041500000000907920410109008000000000000000000000000000000000000000000000000000000000000000000000000000000000000009079200000000000000000000000000   220415                                         16                                                  000079
10213247845000128416070035008805076  45682                    0004568222                                   132220415PED021409/0004568222          27041500000000198090414168801000000000000000000000000000000000000000000000000000000000000000000000000000000000000001980900000000000000000000000000   220415                                          1                                                  000080
10213247845000128416070035008815055  45684                    0004568486          2014041630105001000005   306200415PED021408/0004568486          20041500000000211281044135108000000000000000000000000000000000000000000000000000000000000000000000000000000000000002112800000000000000000000000000   220415                                         15                                                  000081
10213247845000128416070035008805076  45693                    0004569393                                   132220415PED34426590004569393          04051500000000186470414168801000000000000000000000000000000000000000000000000000000000000000000000000000000000000001864700000000000000000000000000   220415                                          1                                                  000082
10213247845000128416070035008805076  45695                    0004569547                                   132220415PED10212650004569547          04051500000000202370414168801000000000000000000000000000000000000000000000000000000000000000000000000000000000000002023700000000000000000000000000   220415                                          1                                                  000083
10213247845000128416070035008805076  45701                    0004570103                                   106200415PED34426590004570103          21041500000000280861044135108000000000000000000000000000000000000000000000000000000000000000000000000000000000000002808600000000000000000000000000   220415                                         15                                                  000084
10213247845000128416070035008805076  45704                    0004570448                                   132220415PED40626590004570448          05051500000000193300414168801000000000000000000000000000000000000000000000000000000000000000000000000000000000000001933000000000000000000000000000   220415                                          1                                                  000085
10213247845000128416070035008805076  45706                    0004570693                                   106200415PED10192650004570693          21041500000000464760410109008000000000000000000000000000000000000000000000000000000000000000000000000000000000000004647600000000000000000000000000   220415                                         16                                                  000086
10213247845000128416070035008805076  45709                    0004570936                                   132220415PED37526590004570936          27041500000000229500414168801000000000000000000000000000000000000000000000000000000000000000000000000000000000000002295000000000000000000000000000   220415                                          1                                                  000087
10213247845000128416070035008805076  45715                    0004571509                                   132220415PED10192650004571509          04051500000000181220414168801000000000000000000000000000000000000000000000000000000000000000000000000000000000000001812200000000000000000000000000   220415                                          1                                                  000088
10213247845000128416070035008815055  45718                    0004571843          2014041630105001000003   306200415PED37526590004571843          21041500000000137003414135108000000000000000000000000000000000000000000000000000000000000000000000000000000000000001370000000000000000000000000000   220415                                         11                                                  000089
10213247845000128416070035008805076  45720                    0004572009                                   106200415PED10212660004572009          21041500000000394520014135108000000000000000000000000000000000000000000000000000000000000000000000000000000000000003945200000000000000000000000000   220415                                         11                                                  000090
10213247845000128416070035008805076  45722                    0004572262                                   106200415PED40626590004572262          21041500000000500921044135108000000000000000000000000000000000000000000000000000000000000000000000000000000000000005009200000000000000000000000000   220415                                         15                                                  000091
10213247845000128416070035008805076  45723                    0004572343                                   106200415PED40626590004572343          21041500000000500921044135108000000000000000000000000000000000000000000000000000000000000000000000000000000000000005009200000000000000000000000000   220415                                         15                                                  000092
10213247845000128416070035008805076  45724                    0004572424                                   106200415PED40626590004572424          21041500000000500911044135108000000000000000000000000000000000000000000000000000000000000000000000000000000000000005009100000000000000000000000000   220415                                         15                                                  000093
10213247845000128416070035008805076  45726                    0004572688                                   132220415PED10192650004572688          28041500000000239530414168801000000000000000000000000000000000000000000000000000000000000000000000000000000000000002395300000000000000000000000000   220415                                          1                                                  000094
10213247845000128416070035008815055  45727                    0004572750          2014041630105001000005   306200415PED10192650004572750          20041500000000118587564135108000000000000000000000000000000000000000000000000000000000000000000000000000000000000001185800000000000000000000000000   220415                                         11                                                  000095
10213247845000128416070035008805076  45730                    0004573099                                   106200415PED10212650004573099          21041500000000472920014135108000000000000000000000000000000000000000000000000000000000000000000000000000000000000004729200000000000000000000000000   220415                                         11                                                  000096
10213247845000128416070035008805076  45731                    0004573188                                   132220415PED36726590004573188          04051500000000243480414168801000000000000000000000000000000000000000000000000000000000000000000000000000000000000002434800000000000000000000000000   220415                                          1                                                  000097
10213247845000128416070035008805076  45739                    0004573900                                   106200415PED36726600004573900          20041500000001053660417914608000000000000000000000000000000000000000000000000000000000000000000000000000000000000010536600000000000000000000000000   220415                                         11                                                  000098
10213247845000128416070035008805076  45741                    0004574168                                   106200415PED34426590004574168          19041500000000188307484135108000000000000000000000000000000000000000000000000000000000000000000000000000000000000001883000000000000000000000000000   220415                                         11                                                  000099
10213247845000128416070035008805076  45757                    0004575725                                   106200415PED78826590004575725          19041500000000204827484135108000000000000000000000000000000000000000000000000000000000000000000000000000000000000002048200000000000000000000000000   220415                                         15                                                  000100
10213247845000128416070035008805076  45760                    0004576063                                   132220415PED10222650004576063          27041500000000177550414168801000000000000000000000000000000000000000000000000000000000000000000000000000000000000001775500000000000000000000000000   220415                                          1                                                  000101
10213247845000128416070035008805076  45766                    0004576632                                   132220415PED10192660004576632          28041500000000242510414168801000000000000000000000000000000000000000000000000000000000000000000000000000000000000002425100000000000000000000000000   220415                                          1                                                  000102
10213247845000128416070035008805076  45773                    0004577396                                   106200415PED37526600004577396          17041500000000107500410109008000000000000000000000000000000000000000000000000000000000000000000000000000000000000001075000000000000960000000000000   220415                                         16                                                  000103
10213247845000128416070035008805076  45774                    0004577477                                   106200415PED10192660004577477          24041500000000172920410109008000000000000000000000000000000000000000000000000000000000000000000000000000000000000001729200000000000000000000000000   220415                                         16                                                  000104
10213247845000128416070035008805998                           0004577701                                   106200415          0004577701          28041500000000421711044135100000000000020000000000000000000000000000000000000000000000000000000000000000000000000004217100000000000000000000000000   220415                                         15                                                  000105
10213247845000128416070035008805076  45790                    0004579038                                   132220415PED10222660004579038          29041500000000198440414168801000000000000000000000000000000000000000000000000000000000000000000000000000000000000001984400000000000000000000000000   220415                                          1                                                  000106
10213247845000128416070035008805076  45791                    0004579119                                   132220415PED10222650004579119          29041500000000228140414168801000000000000000000000000000000000000000000000000000000000000000000000000000000000000002281400000000000000000000000000   220415                                          1                                                  000107
10213247845000128416070035008805076  45793                    0004579372                                   132220415PED10222650004579372          29041500000000189750414168801000000000000000000000000000000000000000000000000000000000000000000000000000000000000001897500000000000000000000000000   220415                                          1                                                  000108
10213247845000128416070035008805076  45799                    0004579941                                   132220415PED40626600004579941          29041500000000184700414168801000000000000000000000000000000000000000000000000000000000000000000000000000000000000001847000000000000000000000000000   220415                                          1                                                  000109
10213247845000128416070035008805076  45800                    0004580001                                   132220415PED10192660004580001          29041500000000205710414168801000000000000000000000000000000000000000000000000000000000000000000000000000000000000002057100000000000000000000000000   220415                                          1                                                  000110
10213247845000128416070035008805076  45801                    0004580184                                   106200415PED10192660004580184          22041500000000291830410109008000000000000000000000000000000000000000000000000000000000000000000000000000000000000002918300000000000000000000000000   220415                                         16                                                  000111
10213247845000128416070035008805076  45809                    0004580915                                   132220415PED40626600004580915          29041500000000236380414168801000000000000000000000000000000000000000000000000000000000000000000000000000000000000002363800000000000000000000000000   220415                                          1                                                  000112
10213247845000128416070035008805076  45821                    0004582160                                   132220415PED37526610004582160          29041500000000222280414168801000000000000000000000000000000000000000000000000000000000000000000000000000000000000002222800000000000000000000000000   220415                                          1                                                  000113
10213247845000128416070035008805076  45823                    0004582322                                   132220415PED36726600004582322          29041500000000200460414168801000000000000000000000000000000000000000000000000000000000000000000000000000000000000002004600000000000000000000000000   220415                                          1                                                  000114
10213247845000128416070035008805076  45838                    0004583809                                   132220415PED34426610004583809          29041500000000212960414168801000000000000000000000000000000000000000000000000000000000000000000000000000000000000002129600000000000000000000000000   220415                                          1                                                  000115
10213247845000128416070035008805076  45842                    0004584228                                   132220415PED78826600004584228          05051500000000234360414168801000000000000000000000000000000000000000000000000000000000000000000000000000000000000002343600000000000000000000000000   220415                                          1                                                  000116
10213247845000128416070035008805076  45848                    0004584899                                   106200415PED34426610004584899          18041500000000144411044135108000000000000000000000000000000000000000000000000000000000000000000000000000000000000001444100000000000000000000000000   220415                                         15                                                  000117
10213247845000128416070035008805076  45877                    0004587782                                   132220415PED37526610004587782          23041500000000245860414168801000000000000000000000000000000000000000000000000000000000000000000000000000000000000002458600000000000000000000000000   220415                                          1                                                  000118
10213247845000128416070035008805076  45878                    0004587863                                   132220415PED36726610004587863          30041500000000228220414168801000000000000000000000000000000000000000000000000000000000000000000000000000000000000002282200000000000000000000000000   220415                                          1                                                  000119
10213247845000128416070035008805076  45891                    0004589106                                   106200415PED10192660004589106          18041500000000170690414168808000000000000000000000000000000000000000000000000000000000000000000000000000000000000001706900000000000000000000000000   220415                                         11                                                  000120
10213247845000128416070035008805076  45901                    0004590163                                   132220415PED36726610004590163          23041500000000132660414168801000000000000000000000000000000000000000000000000000000000000000000000000000000000000001326600000000000000000000000000   220415                                          1                                                  000121
10213247845000128416070035008805076  45902                    0004590244                                   132220415PED10192660004590244          30041500000000215550414168801000000000000000000000000000000000000000000000000000000000000000000000000000000000000002155500000000000000000000000000   220415                                          1                                                  000122
10213247845000128416070035008805076  45906                    0004590651                                   132220415PED10192660004590651          23041500000000194210414168801000000000000000000000000000000000000000000000000000000000000000000000000000000000000001942100000000000000000000000000   220415                                          1                                                  000123
10213247845000128416070035008805076  45913                    0004591313                                   132220415PED34426610004591313          07051500000000213000414168801000000000000000000000000000000000000000000000000000000000000000000000000000000000000002130000000000000000000000000000   220415                                          1                                                  000124
10213247845000128416070035008805076  45919                    0004591984                                   102220415PED10192660004591984          30041500000000114080414168808000000000020000000000000000000000000000000000000000000000000000000000000000000000000000000000000000000000000000000000                                                                                                      000125
10213247845000128416070035008805076  45920                    0004592069                                   102220415PED021468/0004592069          07051500000000176720414168808000000000020000000000000000000000000000000000000000000000000000000000000000000000000000000000000000000000000000000000                                                                                                      000126
10213247845000128416070035008805076  45921                    0004592158                                   102220415PED34426620004592158          30041500000000483310414168808000000000020000000000000000000000000000000000000000000000000000000000000000000000000000000000000000000000000000000000                                                                                                      000127
10213247845000128416070035008805076  45922                    0004592220                                   102220415PED34426620004592220          30041500000000334300414168808000000000020000000000000000000000000000000000000000000000000000000000000000000000000000000000000000000000000000000000                                                                                                      000128
10213247845000128416070035008805076  45923                    0004592301                                   102220415PED34426620004592301          07051500000000297730414168808000000000020000000000000000000000000000000000000000000000000000000000000000000000000000000000000000000000000000000000                                                                                                      000129
10213247845000128416070035008805998                           0004592484                                   106200415          0004592484          23041500000000257060410109000000000000020000000000000000000000000000000000000000000000000000000000000000000000000002570600000000000000000000000000   220415                                         16                                                  000130
10213247845000128416070035008805076  45926                    0004592638                                   132220415PED10222660004592638          30041500000000191700414168801000000000000000000000000000000000000000000000000000000000000000000000000000000000000001917000000000000000000000000000   220415                                          1                                                  000131
10213247845000128416070035008805998                           0004592891                                   106200415          0004592891          23041500000000101352374135100000000000020000000000000000000000000000000000000000000000000000000000000000000000000001013500000000000000000000000000   220415                                         11                                                  000132
10213247845000128416070035008805076  45929                    0004592972                                   132220415PED10212660004592972          29041500000000155100414168801000000000000000000000000000000000000000000000000000000000000000000000000000000000000001551000000000000000000000000000   220415                                          1                                                  000133
10213247845000128416070035008805076  45930                    0004593057                                   132220415PED36726620004593057          07051500000000168430414168801000000000000000000000000000000000000000000000000000000000000000000000000000000000000001684300000000000000000000000000   220415                                          1                                                  000134
10213247845000128416070035008805076  45931                    0004593138                                   102220415PED10192660004593138          07051500000000138850414168808000000000020000000000000000000000000000000000000000000000000000000000000000000000000000000000000000000000000000000000                                                                                                      000135
10213247845000128416070035008805076  45933                    0004593391                                   132220415PED34426620004593391          07051500000000166710414168801000000000000000000000000000000000000000000000000000000000000000000000000000000000000001667100000000000000000000000000   220415                                          1                                                  000136
10213247845000128416070035008805076  45936                    0004593626                                   132220415PED36726620004593626          23041500000000119780414168801000000000000000000000000000000000000000000000000000000000000000000000000000000000000001197800000000000000000000000000   220415                                          1                                                  000137
10213247845000128416070035008805076  45937                    0004593707                                   132220415PED36726620004593707          30041500000000207440414168801000000000000000000000000000000000000000000000000000000000000000000000000000000000000002074400000000000000000000000000   220415                                          1                                                  000138
10213247845000128416070035008805076  45940                    0004594045                                   132220415PED10222660004594045          24041500000000225450414168801000000000000000000000000000000000000000000000000000000000000000000000000000000000000002254500000000000000000000000000   220415                                          1                                                  000139
10213247845000128416070035008805076  45942                    0004594207                                   102220415PED10192660004594207          01051500000000228390414168808000000000020000000000000000000000000000000000000000000000000000000000000000000000000000000000000000000000000000000000                                                                                                      000140
10213247845000128416070035008805076  45943                    0004594398                                   102220415PED40626620004594398          08051500000001194550414168808000000000020000000000000000000000000000000000000000000000000000000000000000000000000000000000000000000000000000000000                                                                                                      000141
10213247845000128416070035008805076  45944                    0004594460                                   102220415PED10192660004594460          24041500000000274060414168808000000000020000000000000000000000000000000000000000000000000000000000000000000000000000000000000000000000000000000000                                                                                                      000142
10213247845000128416070035008805076  45947                    0004594797                                   132220415PED10192660004594797          23041500000000102060414168801000000000000000000000000000000000000000000000000000000000000000000000000000000000000001020600000000000000000000000000   220415                                          1                                                  000143
10213247845000128416070035008805076  45950                    0004595033                                   132220415PED021486/0004595033          08051500000000212130414168801000000000000000000000000000000000000000000000000000000000000000000000000000000000000002121300000000000000000000000000   220415                                          1                                                  000144
10213247845000128416070035008805076  45952                    0004595297                                   132220415PED78826630004595297          24041500000000144550414168801000000000000000000000000000000000000000000000000000000000000000000000000000000000000001445500000000000000000000000000   220415                                          1                                                  000145
10213247845000128416070035008805076  45954                    0004595459                                   132220415PED021492/0004595459          15051500000000138680414168801000000000000000000000000000000000000000000000000000000000000000000000000000000000000001386800000000000000000000000000   220415                                          1                                                  000146
10213247845000128416070035008805076  45955                    0004595521                                   132220415PED021491/0004595521          15051500000000118410414168801000000000000000000000000000000000000000000000000000000000000000000000000000000000000001184100000000000000000000000000   220415                                          1                                                  000147
10213247845000128416070035008805076  45957                    0004595785                                   102220415PED37526620004595785          01051500000000357290414168808000000000020000000000000000000000000000000000000000000000000000000000000000000000000000000000000000000000000000000000                                                                                                      000148
10213247845000128416070035008805076  45958                    0004595866                                   102220415PED021498/0004595866          01051500000000589310414168808000000000020000000000000000000000000000000000000000000000000000000000000000000000000000000000000000000000000000000000                                                                                                      000149
10213247845000128416070035008805076  45959                    0004595947                                   132220415PED36726630004595947          08051500000000145480414168801000000000000000000000000000000000000000000000000000000000000000000000000000000000000001454800000000000000000000000000   220415                                          1                                                  000150
10213247845000128416070035008805076  45961                    0004596102                                   102220415PED021504/0004596102          24041500000000361660414168808000000000020000000000000000000000000000000000000000000000000000000000000000000000000000000000000000000000000000000000                                                                                                      000151
10213247845000128416070035008805076  45968                    0004596854                                   102220415PED37526630004596854          18051500000000145470419407208000000000020000000000000000000000000000000000000000000000000000000000000000000000000000000000000000000000000000000000                                                                                                      000152
10213247845000128416070035008805076  45969                    0004596935                                   102220415PED021532/0004596935          27041500000000240600411636508000000000020000000000000000000000000000000000000000000000000000000000000000000000000000000000000000000000000000000000                                                                                                      000153
10213247845000128416070035008805076  45970                    0004597028                                   102220415PED40626660004597028          11051500000000131310414168808000000000020000000000000000000000000000000000000000000000000000000000000000000000000000000000000000000000000000000000                                                                                                      000154
10213247845000128416070035008805076  45971                    0004597192                                   102220415PED36726660004597192          11051500000000449580414168808000000000020000000000000000000000000000000000000000000000000000000000000000000000000000000000000000000000000000000000                                                                                                      000155
10213247845000128416070035008805076  45972                    0004597273                                   102220415PED34426660004597273          04051500000000259810414168808000000000020000000000000000000000000000000000000000000000000000000000000000000000000000000000000000000000000000000000                                                                                                      000156
10213247845000128416070035008805076  45973                    0004597354                                   102220415PED34426660004597354          18051500000000320560414168808000000000020000000000000000000000000000000000000000000000000000000000000000000000000000000000000000000000000000000000                                                                                                      000157
10213247845000128416070035008805076  45975                    0004597508                                   102220415PED40626660004597508          11051500000000131130414168808000000000020000000000000000000000000000000000000000000000000000000000000000000000000000000000000000000000000000000000                                                                                                      000158
10213247845000128416070035008805076  45976                    0004597680                                   102220415PED36726660004597680          27041500000000284180414168808000000000020000000000000000000000000000000000000000000000000000000000000000000000000000000000000000000000000000000000                                                                                                      000159
10213247845000128416070035008805076  45977                    0004597761                                   102220415PED78826660004597761          18051500000000379850412907608000000000020000000000000000000000000000000000000000000000000000000000000000000000000000000000000000000000000000000000                                                                                                      000160
10213247845000128416070035008805076  45978                    0004597842                                   102220415PED40626660004597842          11051500000001699760414168808000000000020000000000000000000000000000000000000000000000000000000000000000000000000000000000000000000000000000000000                                                                                                      000161
10213247845000128416070035008805076  45979                    0004597923                                   102220415PED78826660004597923          18051500000000425440412907608000000000020000000000000000000000000000000000000000000000000000000000000000000000000000000000000000000000000000000000                                                                                                      000162
10213247845000128416070035008805076  45980                    0004598008                                   102220415PED021540/0004598008          18051500000000019980412907608000000000020000000000000000000000000000000000000000000000000000000000000000000000000000000000000000000000000000000000                                                                                                      000163
10213247845000128416070035008805076  45981                    0004598180                                   102220415PED34426660004598180          04051500000001496400414168808000000000020000000000000000000000000000000000000000000000000000000000000000000000000000000000000000000000000000000000                                                                                                      000164
10213247845000128416070035008805076  45982                    0004598261                                   102220415PED34426660004598261          27041500000000475820412907608000000000020000000000000000000000000000000000000000000000000000000000000000000000000000000000000000000000000000000000                                                                                                      000165
10213247845000128416070035008805076  45984                    0004598423                                   102220415PED40626660004598423          11051500000000304600414168808000000000020000000000000000000000000000000000000000000000000000000000000000000000000000000000000000000000000000000000                                                                                                      000166
10213247845000128416070035008805076  45985                    0004598598                                   102220415PED021541/0004598598          27041500000000208930414168808000000000020000000000000000000000000000000000000000000000000000000000000000000000000000000000000000000000000000000000                                                                                                      000167
10213247845000128416070035008805076  45986                    0004598679                                   102220415PED78826660004598679          11051500000000296120416106908000000000020000000000000000000000000000000000000000000000000000000000000000000000000000000000000000000000000000000000                                                                                                      000168
10213247845000128416070035008805076  45987                    0004598768                                   102220415PED78826660004598768          04051500000000515340414168808000000000020000000000000000000000000000000000000000000000000000000000000000000000000000000000000000000000000000000000                                                                                                      000169
10213247845000128416070035008805076  45988                    0004598830                                   102220415PED78826660004598830          27041500000001049810416106908000000000020000000000000000000000000000000000000000000000000000000000000000000000000000000000000000000000000000000000                                                                                                      000170
10213247845000128416070035008805076  45989                    0004598911                                   102220415PED78826660004598911          11051500000000693810416106908000000000020000000000000000000000000000000000000000000000000000000000000000000000000000000000000000000000000000000000                                                                                                      000171
10213247845000128416070035008805076  45990                    0004599098                                   102220415PED40626660004599098          04051500000000202950414168808000000000020000000000000000000000000000000000000000000000000000000000000000000000000000000000000000000000000000000000                                                                                                      000172
10213247845000128416070035008805076  45991                    0004599179                                   102220415PED40626660004599179          11051500000000107060414168808000000000020000000000000000000000000000000000000000000000000000000000000000000000000000000000000000000000000000000000                                                                                                      000173
10213247845000128416070035008805076  45993                    0004599330                                   102220415PED40626660004599330          11051500000000438460414168808000000000020000000000000000000000000000000000000000000000000000000000000000000000000000000000000000000000000000000000                                                                                                      000174
10213247845000128416070035008805076  45994                    0004599411                                   102220415PED40626660004599411          18051500000000438470414168808000000000020000000000000000000000000000000000000000000000000000000000000000000000000000000000000000000000000000000000                                                                                                      000175
10213247845000128416070035008805076  45995                    0004599586                                   102220415PED36726660004599586          04051500000000381500414168808000000000020000000000000000000000000000000000000000000000000000000000000000000000000000000000000000000000000000000000                                                                                                      000176
10213247845000128416070035008805076  45996                    0004599667                                   102220415PED40626660004599667          18051500000000239280414168808000000000020000000000000000000000000000000000000000000000000000000000000000000000000000000000000000000000000000000000                                                                                                      000177
10213247845000128416070035008805076  46000                    0004600061                                   102220415PED34426660004600061          18051500000000680620414168808000000000020000000000000000000000000000000000000000000000000000000000000000000000000000000000000000000000000000000000                                                                                                      000178
10213247845000128416070035008805076  46001                    0004600142                                   102220415PED40626660004600142          04051500000000283260414168808000000000020000000000000000000000000000000000000000000000000000000000000000000000000000000000000000000000000000000000                                                                                                      000179
10213247845000128416070035008805076  46002                    0004600223                                   102220415PED78826660004600223          27041500000000118460412907608000000000020000000000000000000000000000000000000000000000000000000000000000000000000000000000000000000000000000000000                                                                                                      000180
10213247845000128416070035008805076  46003                    0004600304                                   102220415PED78826660004600304          26041500000000226940416106908000000000020000000000000000000000000000000000000000000000000000000000000000000000000000000000000000000000000000000000                                                                                                      000181
10213247845000128416070035008805076  46007                    0004600711                                   102220415PED36726660004600711          11051500000000331860414168808000000000020000000000000000000000000000000000000000000000000000000000000000000000000000000000000000000000000000000000                                                                                                      000182
10213247845000128416070035008805076  46008                    0004600894                                   102220415PED10192660004600894          27041500000000390160414168808000000000020000000000000000000000000000000000000000000000000000000000000000000000000000000000000000000000000000000000                                                                                                      000183
10213247845000128416070035008805076  46009                    0004600975                                   102220415PED34426660004600975          04051500000000611990414168808000000000020000000000000000000000000000000000000000000000000000000000000000000000000000000000000000000000000000000000                                                                                                      000184
10213247845000128416070035008805076  46010                    0004601068                                   102220415PED34426660004601068          11051500000000611990414168808000000000020000000000000000000000000000000000000000000000000000000000000000000000000000000000000000000000000000000000                                                                                                      000185
10213247845000128416070035008805076  46011                    0004601130                                   102220415PED34426660004601130          18051500000000611980414168808000000000020000000000000000000000000000000000000000000000000000000000000000000000000000000000000000000000000000000000                                                                                                      000186
10213247845000128416070035008805076  46012                    0004601211                                   102220415PED021556/0004601211          11051500000000121700414168808000000000020000000000000000000000000000000000000000000000000000000000000000000000000000000000000000000000000000000000                                                                                                      000187
10213247845000128416070035008805076  46014                    0004601475                                   102220415PED34426660004601475          11051500000000319470414168808000000000020000000000000000000000000000000000000000000000000000000000000000000000000000000000000000000000000000000000                                                                                                      000188
10213247845000128416070035008805076  46017                    0004601718                                   102220415PED34426660004601718          27041500000000211230414168808000000000020000000000000000000000000000000000000000000000000000000000000000000000000000000000000000000000000000000000                                                                                                      000189
10213247845000128416070035008805076  46019                    0004601963                                   102220415PED34426660004601963          04051500000000141940411636508000000000020000000000000000000000000000000000000000000000000000000000000000000000000000000000000000000000000000000000                                                                                                      000190
10213247845000128416070035008805076  46021                    0004602129                                   102220415PED34426660004602129          27041500000000263240414168808000000000020000000000000000000000000000000000000000000000000000000000000000000000000000000000000000000000000000000000                                                                                                      000191
10213247845000128416070035008805076  46022                    0004602218                                   102220415PED021559/0004602218          04051500000000408000412907608000000000020000000000000000000000000000000000000000000000000000000000000000000000000000000000000000000000000000000000                                                                                                      000192
10213247845000128416070035008805076  46024                    0004602463                                   102220415PED37526660004602463          04051500000000247980414168808000000000020000000000000000000000000000000000000000000000000000000000000000000000000000000000000000000000000000000000                                                                                                      000193
10213247845000128416070035008805076  46025                    0004602536                                   102220415PED10212660004602536          27041500000000145920414101708000000000020000000000000000000000000000000000000000000000000000000000000000000000000000000000000000000000000000000000                                                                                                      000194
10213247845000128416070035008805076  46030                    0004603036                                   102220415PED10212660004603036          11051500000000203890412907608000000000020000000000000000000000000000000000000000000000000000000000000000000000000000000000000000000000000000000000                                                                                                      000195
10213247845000128416070035008805076  46031                    0004603117                                   102220415PED36726660004603117          05051500000000577850411636508000000000020000000000000000000000000000000000000000000000000000000000000000000000000000000000000000000000000000000000                                                                                                      000196
10213247845000128416070035008805076  46032                    0004603206                                   102220415PED37526660004603206          28041500000000238570414168808000000000020000000000000000000000000000000000000000000000000000000000000000000000000000000000000000000000000000000000                                                                                                      000197
10213247845000128416070035008805076  46036                    0004603605                                   102220415PED36726660004603605          05051500000001009940414168808000000000020000000000000000000000000000000000000000000000000000000000000000000000000000000000000000000000000000000000                                                                                                      000198
10213247845000128416070035008805076  46039                    0004603958                                   102220415PED40626660004603958          28041500000000693500414168808000000000020000000000000000000000000000000000000000000000000000000000000000000000000000000000000000000000000000000000                                                                                                      000199
10213247845000128416070035008805076  46040                    0004604024                                   102220415PED40626660004604024          28041500000000693500414168808000000000020000000000000000000000000000000000000000000000000000000000000000000000000000000000000000000000000000000000                                                                                                      000200
9201041          000004950000001908803900000000 00000610000000025030460000088000000003166288                                                                                                                                                                                                                                                                                                              000201
