02RETORNO01COBRANCA       416070035008        DISTRIBUIDORA DE ALIMENTOS BIL041BANRISUL       20041501600BPI                                                                                                                                                                                                                                                                                              000001
10213247845000128416070035008815055  44660                    0004466098          2014041630105001000014   306170415PED34426340004466098          16041500000000317390410109008000000000000000000000000000000000000000000000000000000000000000000000000000000000000003173900000000000950000000000000   200415                                         16                                                  000002
10213247845000128416070035008815055  44694                    0004469488          2013041630105001000013   306170415PED78826350004469488          17041500000000460750334135108000000000000000000000000000000000000000000000000000000000000000000000000000000000000004607500000000000000000000000000   200415                                         17                                                  000003
10213247845000128416070035008815055  44715                    0004471512          2014041630105001000005   323200415PED40626380004471512          13041500000000297700414168808000000000000000000000000000000000000000000000000000000000000000000000000000000000000000000000000000000000000000000000                                                                                                      000004
10213247845000128416070035008805076  44734                    0004473426                                   123200415PED40626380004473426          13041500000000979600414168808000000000000000000000000000000000000000000000000000000000000000000000000000000000000000000000000000000000000000000000                                                                                                      000005
10213247845000128416070035008815055  44891                    0004489101          2014041630105001000003   306170415PED36726390004489101          14041500000000159640413087208000000000000000000000000000000000000000000000000000000000000000000000000000000000000001596400000000001440000000000000   200415                                         11                                                  000006
10213247845000128416070035008805998                           0004494059                                   106170415          0004494059          16041500000000543720414168800000000000020000000000000000000000000000000000000000000000000000000000000000000000000005437200000000001630000000000000   200415                                         11                                                  000007
10213247845000128416070035008805998                           0004498925                                   106170415          0004498925          17041500000000547141044135100000000000020000000000000000000000000000000000000000000000000000000000000000000000000005471400000000000000000000000000   200415                                         12                                                  000008
10213247845000128416070035008805998                           0004501713                                   106170415          0004501713          17041500000000504640410109000000000000020000000000000000000000000000000000000000000000000000000000000000000000000005046400000000000000000000000000   200415                                         16                                                  000009
10213247845000128416070035008805998                           0004502558                                   106170415          0004502558          17041500000000468811044135100000000000020000000000000000000000000000000000000000000000000000000000000000000000000004688100000000000000000000000000   200415                                         15                                                  000010
10213247845000128416070035008805998                           0004503465                                   106170415          0004503465          17041500000000858793994135100000000000020000000000000000000000000000000000000000000000000000000000000000000000000008587900000000000000000000000000   200415                                         11                                                  000011
10213247845000128416070035008805998                           0004503538                                   106170415          0004503538          17041500000000883240410109000000000000020000000000000000000000000000000000000000000000000000000000000000000000000008832400000000000000000000000000   200415                                         16                                                  000012
10213247845000128416070035008805998                           0004504526                                   106170415          0004504526          17041500000000720000410109000000000000020000000000000000000000000000000000000000000000000000000000000000000000000007200000000000000000000000000000   200415                                         16                                                  000013
10213247845000128416070035008805998                           0004506448                                   106170415          0004506448          20041500000000414590410109000000000000020000000000000000000000000000000000000000000000000000000000000000000000000004145900000000000000000000000000   200415                                         16                                                  000014
10213247845000128416070035008805076  45081                    0004508173                                   106170415PED40626450004508173          20041500000000986960410109008000000000000000000000000000000000000000000000000000000000000000000000000000000000000009869600000000000000000000000000   200415                                         13                                                  000015
10213247845000128416070035008815055  45107                    0004510704          2014041630105001000005   306170415PED40626450004510704          14041500000000115200410109008000000000000000000000000000000000000000000000000000000000000000000000000000000000000001152000000000001050000000000000   200415                                         13                                                  000016
10213247845000128416070035008805076  45109                    0004510968                                   106170415PED34426450004510968          14041500000000507200410109008000000000000000000000000000000000000000000000000000000000000000000000000000000000000005072000000000004560000000000000   200415                                         16                                                  000017
10213247845000128416070035008815055  45118                    0004511875          2014041630105001000014   306170415PED10192640004511875          17041500000000072257564135108000000000000000000000000000000000000000000000000000000000000000000000000000000000000000722500000000000000000000000000   200415                                         13                                                  000018
10213247845000128416070035008815055  45154                    0004515420          2014041630105001000003   306170415PED10192640004515420          14041500000000445830414168808000000000000000000000000000000000000000000000000000000000000000000000000000000000000004458300000000004020000000000000   200415                                         11                                                  000019
10213247845000128416070035008805998                           0004519140                                   106170415          0004519140          17041500000000188090410109000000000000020000000000000000000000000000000000000000000000000000000000000000000000000001880900000000001680000000000000   200415                                         16                                                  000020
10213247845000128416070035008815055  45369                    0004536967          2014041630105001000014   306170415PED37526520004536967          20041500000000107420410109008000000000000000000000000000000000000000000000000000000000000000000000000000000000000001074200000000000000000000000000   200415                                         16                                                  000021
10213247845000128416070035008805998                           0004537874                                   106170415          0004537874          14041500000000443680411636500000000000020000000000000000000000000000000000000000000000000000000000000000000000000004436800000000003990000000000000   200415                                         11                                                  000022
10213247845000128416070035008805076  45389                    0004538943                                   132200415PED10192650004538943          28041500000000167690414168801000000000000000000000000000000000000000000000000000000000000000000000000000000000000001676900000000000000000000000000   200415                                          1                                                  000023
10213247845000128416070035008805076  45398                    0004539850                                   132200415PED10192650004539850          27041500000000111980414168801000000000000000000000000000000000000000000000000000000000000000000000000000000000000001119800000000000000000000000000   200415                                          1                                                  000024
10213247845000128416070035008805076  45402                    0004540255                                   132200415PED10192640004540255          23041500000000089700414168801000000000000000000000000000000000000000000000000000000000000000000000000000000000000000897000000000000000000000000000   200415                                          1                                                  000025
10213247845000128416070035008805998                           0004540336                                   106170415          0004540336          17041500000000148701044135100000000000020000000000000000000000000000000000000000000000000000000000000000000000000001487000000000000000000000000000   200415                                         15                                                  000026
10213247845000128416070035008815055  45420                    0004542088          2014041630105001000005   306170415PED34426530004542088          17041500000000216031044135108000000000000000000000000000000000000000000000000000000000000000000000000000000000000002160300000000000000000000000000   200415                                         12                                                  000027
10213247845000128416070035008815055  45596                    0004559649          2014041630105001000014   306170415PED10192650004559649          16041500000000330070414168808000000000000000000000000000000000000000000000000000000000000000000000000000000000000003300700000000000990000000000000   200415                                         11                                                  000028
10213247845000128416070035008815055  45621                    0004562100          2014041630105001000003   306170415PED10192650004562100          17041500000000198860410109008000000000000000000000000000000000000000000000000000000000000000000000000000000000000001988600000000000000000000000000   200415                                         16                                                  000029
10213247845000128416070035008815055  45627                    0004562771          2014041630105001000003   306170415PED34426550004562771          17041500000000249331044135108000000000000000000000000000000000000000000000000000000000000000000000000000000000000002493300000000000000000000000000   200415                                         15                                                  000030
10213247845000128416070035008805076  45637                    0004563778                                   106170415PED36726550004563778          17041500000000381790417914608000000000000000000000000000000000000000000000000000000000000000000000000000000000000003817900000000000000000000000000   200415                                         11                                                  000031
10213247845000128416070035008815055  45642                    0004564278          2014041630105001000003   306170415PED37526560004564278          17041500000000230631044135108000000000000000000000000000000000000000000000000000000000000000000000000000000000000002306300000000000000000000000000   200415                                         15                                                  000032
10213247845000128416070035008805076  45651                    0004565177                                   106170415PED021366/0004565177          17041500000000375551044135108000000000000000000000000000000000000000000000000000000000000000000000000000000000000003755500000000000000000000000000   200415                                         15                                                  000033
10213247845000128416070035008805076  45699                    0004569962                                   132200415PED40626590004569962          27041500000000174610414168801000000000000000000000000000000000000000000000000000000000000000000000000000000000000001746100000000000000000000000000   200415                                          1                                                  000034
10213247845000128416070035008805076  45749                    0004574990                                   106170415PED10222660004574990          17041500000000103851044135108000000000000000000000000000000000000000000000000000000000000000000000000000000000000001038500000000000000000000000000   200415                                         15                                                  000035
10213247845000128416070035008805076  45780                    0004578058                                   132200415PED78826600004578058          12051500000000176380414168801000000000000000000000000000000000000000000000000000000000000000000000000000000000000001763800000000000000000000000000   200415                                          1                                                  000036
10213247845000128416070035008805076  45797                    0004579798                                   106170415PED10212660004579798          18041500000000219560410109008000000000000000000000000000000000000000000000000000000000000000000000000000000000000002195600000000000000000000000000   200415                                         11                                                  000037
10213247845000128416070035008805076  45849                    0004584988                                   132200415PED10192650004584988          04051500000000074750414168801000000000000000000000000000000000000000000000000000000000000000000000000000000000000000747500000000000000000000000000   200415                                          1                                                  000038
10213247845000128416070035008805076  45850                    0004585054                                   132200415PED34426610004585054          06051500000000158140414168801000000000000000000000000000000000000000000000000000000000000000000000000000000000000001581400000000000000000000000000   200415                                          1                                                  000039
10213247845000128416070035008805076  45851                    0004585135                                   132200415PED36726610004585135          29041500000000104500414168801000000000000000000000000000000000000000000000000000000000000000000000000000000000000001045000000000000000000000000000   200415                                          1                                                  000040
10213247845000128416070035008805076  45856                    0004585623                                   132200415PED10192660004585623          29041500000000107940414168801000000000000000000000000000000000000000000000000000000000000000000000000000000000000001079400000000000000000000000000   200415                                          1                                                  000041
10213247845000128416070035008805076  45860                    0004586042                                   132200415PED021451/0004586042          22041500000000175860414168801000000000000000000000000000000000000000000000000000000000000000000000000000000000000001758600000000000000000000000000   200415                                          1                                                  000042
10213247845000128416070035008805076  45870                    0004587030                                   132200415PED40626610004587030          22041500000000112210414168801000000000000000000000000000000000000000000000000000000000000000000000000000000000000001122100000000000000000000000000   200415                                          1                                                  000043
10213247845000128416070035008805076  45874                    0004587456                                   132200415PED021447/0004587456          06051500000000070820414168801000000000000000000000000000000000000000000000000000000000000000000000000000000000000000708200000000000000000000000000   200415                                          1                                                  000044
10213247845000128416070035008805076  45875                    0004587529                                   132200415PED10192660004587529          23041500000000160140414168801000000000000000000000000000000000000000000000000000000000000000000000000000000000000001601400000000000000000000000000   200415                                          1                                                  000045
10213247845000128416070035008805076  45876                    0004587618                                   132200415PED10192650004587618          23041500000000153910414168801000000000000000000000000000000000000000000000000000000000000000000000000000000000000001539100000000000000000000000000   200415                                          1                                                  000046
10213247845000128416070035008805076  45879                    0004587944                                   132200415PED34426610004587944          30041500000000061540414168801000000000000000000000000000000000000000000000000000000000000000000000000000000000000000615400000000000000000000000000   200415                                          1                                                  000047
10213247845000128416070035008805076  45889                    0004588932                                   132200415PED021458/0004588932          30041500000000104480414168801000000000000000000000000000000000000000000000000000000000000000000000000000000000000001044800000000000000000000000000   200415                                          1                                                  000048
10213247845000128416070035008805076  45896                    0004589688                                   132200415PED37526610004589688          29041500000000100500414168801000000000000000000000000000000000000000000000000000000000000000000000000000000000000001005000000000000000000000000000   200415                                          1                                                  000049
10213247845000128416070035008805076  45901                    0004590163                                   102200415PED36726610004590163          23041500000000132660411636508000000000020000000000000000000000000000000000000000000000000000000000000000000000000000000000000000000000000000000000                                                                                                      000050
10213247845000128416070035008805076  45903                    0004590325                                   132200415PED10192660004590325          23041500000000110640414168801000000000000000000000000000000000000000000000000000000000000000000000000000000000000001106400000000000000000000000000   200415                                          1                                                  000051
10213247845000128416070035008805076  45904                    0004590406                                   132200415PED10192660004590406          07051500000000112240414168801000000000000000000000000000000000000000000000000000000000000000000000000000000000000001122400000000000000000000000000   200415                                          1                                                  000052
10213247845000128416070035008805076  45911                    0004591151                                   132200415PED10192660004591151          23041500000000121310414168801000000000000000000000000000000000000000000000000000000000000000000000000000000000000001213100000000000000000000000000   200415                                          1                                                  000053
10213247845000128416070035008805076  45926                    0004592638                                   102200415PED10222660004592638          30041500000000191700417856508000000000020000000000000000000000000000000000000000000000000000000000000000000000000000000000000000000000000000000000                                                                                                      000054
10213247845000128416070035008805076  45929                    0004592972                                   102200415PED10212660004592972          29041500000000155100417856508000000000020000000000000000000000000000000000000000000000000000000000000000000000000000000000000000000000000000000000                                                                                                      000055
10213247845000128416070035008805076  45930                    0004593057                                   102200415PED36726620004593057          07051500000000168430411636508000000000020000000000000000000000000000000000000000000000000000000000000000000000000000000000000000000000000000000000                                                                                                      000056
10213247845000128416070035008805076  45933                    0004593391                                   102200415PED34426620004593391          07051500000000166710411636508000000000020000000000000000000000000000000000000000000000000000000000000000000000000000000000000000000000000000000000                                                                                                      000057
10213247845000128416070035008805076  45935                    0004593545                                   102200415PED36726620004593545          23041500000000307000411636508000000000020000000000000000000000000000000000000000000000000000000000000000000000000000000000000000000000000000000000                                                                                                      000058
10213247845000128416070035008805076  45936                    0004593626                                   102200415PED36726620004593626          23041500000000119780411636508000000000020000000000000000000000000000000000000000000000000000000000000000000000000000000000000000000000000000000000                                                                                                      000059
10213247845000128416070035008805076  45937                    0004593707                                   102200415PED36726620004593707          30041500000000207440411636508000000000020000000000000000000000000000000000000000000000000000000000000000000000000000000000000000000000000000000000                                                                                                      000060
10213247845000128416070035008805076  45938                    0004593898                                   102200415PED34426620004593898          15051500000000528350414168808000000000020000000000000000000000000000000000000000000000000000000000000000000000000000000000000000000000000000000000                                                                                                      000061
10213247845000128416070035008805076  45940                    0004594045                                   102200415PED10222660004594045          24041500000000225450417856508000000000020000000000000000000000000000000000000000000000000000000000000000000000000000000000000000000000000000000000                                                                                                      000062
10213247845000128416070035008805076  45945                    0004594533                                   102200415PED37526620004594533          23041500000000137000417914608000000000020000000000000000000000000000000000000000000000000000000000000000000000000000000000000000000000000000000000                                                                                                      000063
10213247845000128416070035008805076  45946                    0004594614                                   102200415PED40626620004594614          26041500000000853040414168808000000000020000000000000000000000000000000000000000000000000000000000000000000000000000000000000000000000000000000000                                                                                                      000064
10213247845000128416070035008805076  45947                    0004594797                                   102200415PED10192660004594797          23041500000000102060414168808000000000020000000000000000000000000000000000000000000000000000000000000000000000000000000000000000000000000000000000                                                                                                      000065
10213247845000128416070035008805076  45949                    0004594959                                   102200415PED40626620004594959          08051500000000508950414168808000000000020000000000000000000000000000000000000000000000000000000000000000000000000000000000000000000000000000000000                                                                                                      000066
10213247845000128416070035008805076  45950                    0004595033                                   102200415PED021486/0004595033          08051500000000212130414168808000000000020000000000000000000000000000000000000000000000000000000000000000000000000000000000000000000000000000000000                                                                                                      000067
10213247845000128416070035008805076  45951                    0004595114                                   102200415PED78826630004595114          01051500000000316550414168808000000000020000000000000000000000000000000000000000000000000000000000000000000000000000000000000000000000000000000000                                                                                                      000068
10213247845000128416070035008805076  45952                    0004595297                                   102200415PED78826630004595297          24041500000000144550414168808000000000020000000000000000000000000000000000000000000000000000000000000000000000000000000000000000000000000000000000                                                                                                      000069
10213247845000128416070035008805076  45953                    0004595378                                   102200415PED36726610004595378          24041500000000679510417914608000000000020000000000000000000000000000000000000000000000000000000000000000000000000000000000000000000000000000000000                                                                                                      000070
10213247845000128416070035008805076  45954                    0004595459                                   102200415PED021492/0004595459          15051500000000138680412907608000000000020000000000000000000000000000000000000000000000000000000000000000000000000000000000000000000000000000000000                                                                                                      000071
10213247845000128416070035008805076  45955                    0004595521                                   102200415PED021491/0004595521          15051500000000118410412907608000000000020000000000000000000000000000000000000000000000000000000000000000000000000000000000000000000000000000000000                                                                                                      000072
10213247845000128416070035008805076  45959                    0004595947                                   102200415PED36726630004595947          08051500000000145480414168808000000000020000000000000000000000000000000000000000000000000000000000000000000000000000000000000000000000000000000000                                                                                                      000073
10213247845000128416070035008805076  45962                    0004596285                                   132200415PED34426610004596285          24041500000000124060414168801000000000000000000000000000000000000000000000000000000000000000000000000000000000000001240600000000000000000000000000   200415                                          1                                                  000074
10213247845000128416070035008805076  45963                    0004596366                                   102200415PED021508/0004596366          08051500000000702770414168808000000000020000000000000000000000000000000000000000000000000000000000000000000000000000000000000000000000000000000000                                                                                                      000075
10213247845000128416070035008805076  45964                    0004596447                                   102200415PED34426630004596447          27041500000000439320411636508000000000020000000000000000000000000000000000000000000000000000000000000000000000000000000000000000000000000000000000                                                                                                      000076
10213247845000128416070035008805076  45965                    0004596528                                   102200415PED10222660004596528          24041500000000408840417856508000000000020000000000000000000000000000000000000000000000000000000000000000000000000000000000000000000000000000000000                                                                                                      000077
10213247845000128416070035008805076  45966                    0004596692                                   132200415PED021510/0004596692          24041500000000138280414168801000000000000000000000000000000000000000000000000000000000000000000000000000000000000001382800000000000000000000000000   200415                                          1                                                  000078
10213247845000128416070035008805076  45967                    0004596773                                   102200415PED021525/0004596773          09051500000000404820411636508000000000020000000000000000000000000000000000000000000000000000000000000000000000000000000000000000000000000000000000                                                                                                      000079
9201041          000005090000001969674200000000 00000250000000007514730000029000000001119971                                                                                                                                                                                                                                                                                                              000080
