02RETORNO01COBRANCA       416070035008        DISTRIBUIDORA DE ALIMENTOS BIL041BANRISUL       14041501600BPI                                                                                                                                                                                                                                                                                              000001
10213247845000128416070035008805076  44302                    0004430298                                   106130415PED10192620004430298          09041500000000484750410109008000000000000000000000000000000000000000000000000000000000000000000000000000000000000004847500000000005800000000000000   140415                                         13                                                  000002
10213247845000128416070035008815055  44366                    0004436636          2013041630105001000013   306130415PED34426310004436636          13041500000000221500410109008000000000000000000000000000000000000000000000000000000000000000000000000000000000000002215000000000000000000000000000   140415                                         16                                                  000003
10213247845000128416070035008815055  44398                    0004439864          2014041630105001000014   306130415PED020818/0004439864          13041500000000108000014135108000000000000000000000000000000000000000000000000000000000000000000000000000000000000001080000000000000000000000000000   140415                                         11                                                  000004
10213247845000128416070035008805076  44402                    0004440269                                   106130415PED34426310004440269          13041500000000933600410109008000000000000000000000000000000000000000000000000000000000000000000000000000000000000009336000000000000000000000000000   140415                                         16                                                  000005
10213247845000128416070035008815055  44411                    0004441176          2014041630105001000003   306130415PED34426310004441176          13041500000000442941044135108000000000000000000000000000000000000000000000000000000000000000000000000000000000000004429400000000000000000000000000   140415                                         15                                                  000006
10213247845000128416070035008805076  44521                    0004452135                                   110140415PED36726320004452135          01041500000001451970417914608000000000000000000000065950000000000000000000000000000000000000000000000000000000000013860200000000000000000000000000   140415                                          7                                                  000007
10213247845000128416070035008815055  44544                    0004454456          2014041630105001000003   306130415PED40626320004454456          14041500000000214260334135108000000000000000000000000000000000000000000000000000000000000000000000000000000000000002142600000000000000000000000000   140415                                         13                                                  000008
10213247845000128416070035008805076  44570                    0004457005                                   106130415PED78826330004457005          15041500000001113940410109008000000000000000000000000000000000000000000000000000000000000000000000000000000000000011139400000000000000000000000000   140415                                         13                                                  000009
10213247845000128416070035008815055  44576                    0004457676          2014041630105001000003   332140415PED10192630004457676          01041500000000136620414168801000000000000000000000000000000000000000000000000000000000000000000000000000000000000001366200000000000000000000000000   140415                                          1                                                  000010
10213247845000128416070035008815055  44591                    0004459164          2014041630105001000003   306130415PED78826330004459164          08041500000000410710419407208000000000000000000000000000000000000000000000000000000000000000000000000000000000000004107100000000006150000000000000   140415                                         11                                                  000011
10213247845000128416070035008815055  44636                    0004463692          2014041630105001000005   306130415PED36726340004463692          09041500000000347220410109008000000000000000000000000000000000000000000000000000000000000000000000000000000000000003472200000000004160000000000000   140415                                         16                                                  000012
10213247845000128416070035008815055  44640                    0004464028          2014041630105001000003   332140415PED36726330004464028          02041500000000244820414168801000000000000000000000000000000000000000000000000000000000000000000000000000000000000002448200000000000000000000000000   140415                                          1                                                  000013
10213247845000128416070035008805076  44641                    0004464192                                   106130415PED78826330004464192          09041500000000684460410109008000000000000000000000000000000000000000000000000000000000000000000000000000000000000006844600000000008200000000000000   140415                                         16                                                  000014
10213247845000128416070035008815055  44651                    0004465180          2014041630105001000005   306130415PED36726340004465180          09041500000000328540413087208000000000000000000000000000000000000000000000000000000000000000000000000000000000000003285400000000003960000000000000   140415                                         11                                                  000015
10213247845000128416070035008815055  44657                    0004465768          2014041630105001000003   306130415PED40626340004465768          09041500000000357970410109008000000000000000000000000000000000000000000000000000000000000000000000000000000000000003579700000000004280000000000000   140415                                         16                                                  000016
10213247845000128416070035008815055  44696                    0004469631          2014041630105001000005   310140415PED10222630004469631          03041500000000419350417856508000000000000000000000060150000000000000000000000000000000000000000000000000000000000003592000000000000000000000000000   140415                                          7                                                  000017
10213247845000128416070035008805076  44726                    0004472683                                   106130415PED40626380004472683          13041500000000558160410109008000000000000000000000000000000000000000000000000000000000000000000000000000000000000005581600000000000000000000000000   140415                                         16                                                  000018
10213247845000128416070035008815055  44728                    0004472845          2013041630105001000013   306130415PED020966/0004472845          13041500000000240731044135108000000000000000000000000000000000000000000000000000000000000000000000000000000000000002407300000000000000000000000000   140415                                         15                                                  000019
10213247845000128416070035008815055  44732                    0004473264          2014041630105001000005   306130415PED36726380004473264          13041500000000352901044135108000000000000000000000000000000000000000000000000000000000000000000000000000000000000003529000000000000000000000000000   140415                                         12                                                  000020
10213247845000128416070035008815055  44739                    0004473914          2013041630105001000013   306130415PED34426380004473914          13041500000000176270410109008000000000000000000000000000000000000000000000000000000000000000000000000000000000000001762700000000000000000000000000   140415                                         16                                                  000021
10213247845000128416070035008805076  44756                    0004475658                                   106130415PED40626380004475658          13041500000000593760014135108000000000000000000000000000000000000000000000000000000000000000000000000000000000000005937600000000000000000000000000   140415                                         11                                                  000022
10213247845000128416070035008805076  44757                    0004475739                                   106130415PED40626380004475739          13041500000000889691044135108000000000000000000000000000000000000000000000000000000000000000000000000000000000000008896900000000000000000000000000   140415                                         11                                                  000023
10213247845000128416070035008815055  44760                    0004476077          2014041630105001000003   306130415PED34426380004476077          13041500000000227830410109008000000000000000000000000000000000000000000000000000000000000000000000000000000000000002278300000000000000000000000000   140415                                         16                                                  000024
10213247845000128416070035008815055  44763                    0004476328          2013041630105001000013   306130415PED020982/0004476328          13041500000000113331044135108000000000000000000000000000000000000000000000000000000000000000000000000000000000000001133300000000000000000000000000   140415                                         15                                                  000025
10213247845000128416070035008815055  44778                    0004477898          2014041630105001000003   306130415PED10192630004477898          13041500000000238517564135108000000000000000000000000000000000000000000000000000000000000000000000000000000000000002385100000000000000000000000000   140415                                         15                                                  000026
10213247845000128416070035008805076  44781                    0004478134                                   123140415PED10192630004478134          07041500000000518690416973608000000000000000000000000000000000000000000000000000000000000000000000000000000000000000000000000000000000000000000000                                                                                                      000027
10213247845000128416070035008815055  44808                    0004480848          2014041630105001000005   306130415PED10192630004480848          14041500000000299701044135108000000000000000000000000000000000000000000000000000000000000000000000000000000000000002997000000000000000000000000000   140415                                         15                                                  000028
10213247845000128416070035008805076  44810                    0004481003                                   106130415PED37526390004481003          14041500000000787840410109008000000000000000000000000000000000000000000000000000000000000000000000000000000000000007878400000000000000000000000000   140415                                         16                                                  000029
10213247845000128416070035008815055  44840                    0004484088          2014041630105001000003   332140415PED78826380004484088          31031500000000179390414168801000000000000000000000000000000000000000000000000000000000000000000000000000000000000001793900000000000000000000000000   140415                                          1                                                  000030
10213247845000128416070035008815055  44871                    0004487125          2014041630105001000005   306130415PED36726390004487125          15041500000000344371044135108000000000000000000000000000000000000000000000000000000000000000000000000000000000000003443700000000000000000000000000   140415                                         15                                                  000031
10213247845000128416070035008815055  44878                    0004487877          2014041630105001000003   306130415PED40626390004487877          14041500000000170920410109008000000000000000000000000000000000000000000000000000000000000000000000000000000000000001709200000000000000000000000000   140415                                         16                                                  000032
10213247845000128416070035008805998                           0004496116                                   106130415          0004496116          16041500000000525880410109000000000000020000000000000000000000000000000000000000000000000000000000000000000000000005258800000000000000000000000000   140415                                         16                                                  000033
10213247845000128416070035008805998                           0004496388                                   106130415          0004496388          09041500000000878000419407200000000000020000000000000000000000000000000000000000000000000000000000000000000000000008780000000000000000000000000000   140415                                         11                                                  000034
10213247845000128416070035008805998                           0004499751                                   106130415          0004499751          17041500000000309321044135100000000000020000000000000000000000000000000000000000000000000000000000000000000000000003093200000000000000000000000000   140415                                         15                                                  000035
10213247845000128416070035008815055  45000                    0004500075          2014041630105001000005   306130415PED021076/0004500075          10041500000000170640419407208000000000000000000000000000000000000000000000000000000000000000000000000000000000000001706400000000001530000000000000   140415                                         11                                                  000036
10213247845000128416070035008805998                           0004500806                                   106130415          0004500806          10041500000000361520417914600000000000020000000000000000000000000000000000000000000000000000000000000000000000000003615200000000000000000000000000   140415                                         11                                                  000037
10213247845000128416070035008805998                           0004501489                                   106130415          0004501489          13041500000000135770410109000000000000020000000000000000000000000000000000000000000000000000000000000000000000000001357700000000001230000000000000   140415                                         16                                                  000038
10213247845000128416070035008805998                           0004503619                                   106130415          0004503619          17041500000000195020410109000000000000020000000000000000000000000000000000000000000000000000000000000000000000000001950200000000000000000000000000   140415                                         16                                                  000039
10213247845000128416070035008805998                           0004505026                                   106130415          0004505026          13041500000000168530410109000000000000020000000000000000000000000000000000000000000000000000000000000000000000000001685300000000000000000000000000   140415                                         16                                                  000040
10213247845000128416070035008805998                           0004505778                                   106130415          0004505778          13041500000003072740410109000000000000020000000000000000000000000000000000000000000000000000000000000000000000000030727400000000000000000000000000   140415                                         11                                                  000041
10213247845000128416070035008805998                           0004506197                                   106130415          0004506197          13041500000000217612374135100000000000020000000000000000000000000000000000000000000000000000000000000000000000000002176100000000000000000000000000   140415                                         11                                                  000042
10213247845000128416070035008805998                           0004506685                                   106130415          0004506685          13041500000000810307484135100000000000020000000000000000000000000000000000000000000000000000000000000000000000000008103000000000000000000000000000   140415                                         15                                                  000043
10213247845000128416070035008805998                           0004507002                                   106130415          0004507002          13041500000000447090410109000000000000020000000000000000000000000000000000000000000000000000000000000000000000000004470900000000000000000000000000   140415                                         16                                                  000044
10213247845000128416070035008805998                           0004507185                                   106130415          0004507185          13041500000000143000410109000000000000020000000000000000000000000000000000000000000000000000000000000000000000000001430000000000000000000000000000   140415                                         16                                                  000045
10213247845000128416070035008815055  45079                    0004507916          2014041630105001000003   306130415PED34426450004507916          13041500000000323430410109008000000000000000000000000000000000000000000000000000000000000000000000000000000000000003234300000000000000000000000000   140415                                         16                                                  000046
10213247845000128416070035008815055  45086                    0004508661          2014041630105001000005   306130415PED78826450004508661          13041500000000195011044135108000000000000000000000000000000000000000000000000000000000000000000000000000000000000001950100000000000000000000000000   140415                                         15                                                  000047
10213247845000128416070035008815055  45090                    0004509080          2014041630105001000003   306130415PED36726450004509080          13041500000000337551044135108000000000000000000000000000000000000000000000000000000000000000000000000000000000000003375500000000000000000000000000   140415                                         15                                                  000048
10213247845000128416070035008815055  45092                    0004509242          2014041630105001000003   306130415PED40626450004509242          13041500000000201380014135108000000000000000000000000000000000000000000000000000000000000000000000000000000000000002013800000000000000000000000000   140415                                         11                                                  000049
10213247845000128416070035008815055  45095                    0004509579          2014041630105001000003   306130415PED37526450004509579          13041500000000232000410109008000000000000000000000000000000000000000000000000000000000000000000000000000000000000002320000000000000000000000000000   140415                                         13                                                  000050
10213247845000128416070035008815055  45096                    0004509668          2014041630105001000005   306130415PED10212640004509668          13041500000000111931044135108000000000000000000000000000000000000000000000000000000000000000000000000000000000000001119300000000000000000000000000   140415                                         15                                                  000051
10213247845000128416070035008815055  45099                    0004509994          2013041630105001000013   306130415PED37526450004509994          13041500000000466380014135108000000000000000000000000000000000000000000000000000000000000000000000000000000000000004663800000000000000000000000000   140415                                         13                                                  000052
10213247845000128416070035008815055  45103                    0004510399          2014041630105001000005   306130415PED10212640004510399          14041500000000155002374135108000000000000000000000000000000000000000000000000000000000000000000000000000000000000001550000000000000000000000000000   140415                                         11                                                  000053
10213247845000128416070035008805076  45112                    0004511204                                   123140415PED37526450004511204          07041500000000428180411974708000000000000000000000000000000000000000000000000000000000000000000000000000000000000000000000000000000000000000000000                                                                                                      000054
10213247845000128416070035008815055  45113                    0004511387          2013041630105001000013   306130415PED34426450004511387          14041500000000286560411974708000000000000000000000000000000000000000000000000000000000000000000000000000000000000002865600000000000000000000000000   140415                                         11                                                  000055
10213247845000128416070035008815055  45125                    0004512529          2014041630105001000003   306130415PED021132/0004512529          14041500000000321300410109008000000000000000000000000000000000000000000000000000000000000000000000000000000000000003213000000000000000000000000000   140415                                         13                                                  000056
10213247845000128416070035008805998                           0004516095                                   106130415          0004516095          14041500000000115811044135100000000000020000000000000000000000000000000000000000000000000000000000000000000000000001158100000000000000000000000000   140415                                         15                                                  000057
10213247845000128416070035008805998                           0004516826                                   106130415          0004516826          13041500000000290000410109000000000000020000000000000000000000000000000000000000000000000000000000000000000000000002900000000000000000000000000000   140415                                         16                                                  000058
10213247845000128416070035008805998                           0004517326                                   106130415          0004517326          14041500000000583730410109000000000000020000000000000000000000000000000000000000000000000000000000000000000000000005837300000000000000000000000000   140415                                         16                                                  000059
10213247845000128416070035008805998                           0004518721                                   106130415          0004518721          14041500000000314321044135100000000000020000000000000000000000000000000000000000000000000000000000000000000000000003143200000000000000000000000000   140415                                         15                                                  000060
10213247845000128416070035008805998                           0004520459                                   106130415          0004520459          11041500000000124470410109000000000000020000000000000000000000000000000000000000000000000000000000000000000000000001244700000000000000000000000000   140415                                         16                                                  000061
10213247845000128416070035008805998                           0004521528                                   106130415          0004521528          15041500000000186991044135100000000000020000000000000000000000000000000000000000000000000000000000000000000000000001869900000000000000000000000000   140415                                         15                                                  000062
10213247845000128416070035008805998                           0004521773                                   106130415          0004521773          08041500000000332900415165900000000000020000000000000000000000000000000000000000000000000000000000000000000000000003329000000000005000000000000000   140415                                         11                                                  000063
10213247845000128416070035008805998                           0004521935                                   106130415          0004521935          15041500000000566581044135100000000000020000000000000000000000000000000000000000000000000000000000000000000000000005665800000000000000000000000000   140415                                         15                                                  000064
10213247845000128416070035008805998                           0004523423                                   106130415          0004523423          14041500000000102661044135100000000000020000000000000000000000000000000000000000000000000000000000000000000000000001026600000000000000000000000000   140415                                         15                                                  000065
10213247845000128416070035008805076  45245                    0004524586                                   106130415PED36726470004524586          15041500000000519342374135108000000000000000000000000000000000000000000000000000000000000000000000000000000000000005193400000000000000000000000000   140415                                         15                                                  000066
10213247845000128416070035008815055  45257                    0004525736          2014041630105001000014   306130415PED10222640004525736          15041500000000126070410109008000000000000000000000000000000000000000000000000000000000000000000000000000000000000001260700000000000000000000000000   140415                                         16                                                  000067
10213247845000128416070035008805076  45261                    0004526155                                   106130415PED40626470004526155          11041500000000988932374135108000000000000000000000000000000000000000000000000000000000000000000000000000000000000009889300000000000000000000000000   140415                                         15                                                  000068
10213247845000128416070035008815055  45266                    0004526643          2014041630105001000003   306130415PED78826470004526643          15041500000000289081044135108000000000000000000000000000000000000000000000000000000000000000000000000000000000000002890800000000000000000000000000   140415                                         15                                                  000069
10213247845000128416070035008805076  45298                    0004529871                                   123140415PED40626480004529871          09041500000001239610419407208000000000000000000000000000000000000000000000000000000000000000000000000000000000000000000000000000000000000000000000                                                                                                      000070
10213247845000128416070035008815055  45301                    0004530195          2014041630105001000003   306130415PED78826480004530195          09041500000000336960413087208000000000000000000000000000000000000000000000000000000000000000000000000000000000000003369600000000004040000000000000   140415                                         11                                                  000071
10213247845000128416070035008805076  45327                    0004532740                                   106130415PED34426480004532740          13041500000000584851044135108000000000000000000000000000000000000000000000000000000000000000000000000000000000000005848500000000000000000000000000   140415                                         15                                                  000072
10213247845000128416070035008815055  45333                    0004533321          2014041630105001000003   306130415PED10192650004533321          13041500000000352000410109008000000000000000000000000000000000000000000000000000000000000000000000000000000000000003520000000000000000000000000000   140415                                         16                                                  000073
10213247845000128416070035008815055  45340                    0004534077          2013041630105001000013   306130415PED78826520004534077          13041500000000255810413087208000000000000000000000000000000000000000000000000000000000000000000000000000000000000002558100000000000000000000000000   140415                                         11                                                  000074
10213247845000128416070035008815055  45343                    0004534328          2013041630105001000013   306130415PED10212650004534328          13041500000000103480410109008000000000000000000000000000000000000000000000000000000000000000000000000000000000000001034800000000000000000000000000   140415                                         13                                                  000075
10213247845000128416070035008805076  45347                    0004534727                                   106130415PED78826520004534727          13041500000000774640410109008000000000000000000000000000000000000000000000000000000000000000000000000000000000000007746400000000000000000000000000   140415                                         16                                                  000076
10213247845000128416070035008815055  45358                    0004535898          2014041630105001000003   306130415PED36726520004535898          13041500000000194930410109008000000000000000000000000000000000000000000000000000000000000000000000000000000000000001949300000000000000000000000000   140415                                         11                                                  000077
10213247845000128416070035008815055  45362                    0004536215          2014041630105001000005   306130415PED34426520004536215          13041500000000171340410109008000000000000000000000000000000000000000000000000000000000000000000000000000000000000001713400000000000000000000000000   140415                                         16                                                  000078
10213247845000128416070035008815055  45365                    0004536541          2013041630105001000013   306130415PED021243/0004536541          13041500000000214091044135108000000000000000000000000000000000000000000000000000000000000000000000000000000000000002140900000000000000000000000000   140415                                         15                                                  000079
10213247845000128416070035008815055  45367                    0004536703          2014041630105001000003   306130415PED34426520004536703          13041500000000360360410109008000000000000000000000000000000000000000000000000000000000000000000000000000000000000003603600000000000000000000000000   140415                                         16                                                  000080
10213247845000128416070035008805076  45379                    0004537955                                   132140415PED37526520004537955          21041500000000277910414168801000000000000000000000000000000000000000000000000000000000000000000000000000000000000002779100000000000000000000000000   140415                                          1                                                  000081
10213247845000128416070035008805998                           0004538781                                   106130415          0004538781          14041500000000524371044135100000000000020000000000000000000000000000000000000000000000000000000000000000000000000005243700000000000000000000000000   140415                                         15                                                  000082
10213247845000128416070035008805998                           0004538862                                   106130415          0004538862          14041500000000524371044135100000000000020000000000000000000000000000000000000000000000000000000000000000000000000005243700000000000000000000000000   140415                                         15                                                  000083
10213247845000128416070035008805076  45393                    0004539362                                   132140415PED37526520004539362          21041500000000262220414168801000000000000000000000000000000000000000000000000000000000000000000000000000000000000002622200000000000000000000000000   140415                                          1                                                  000084
10213247845000128416070035008815055  45394                    0004539443          2014041630105001000003   306130415PED34426520004539443          12041500000000189967484135108000000000000000000000000000000000000000000000000000000000000000000000000000000000000001899600000000000000000000000000   140415                                         11                                                  000085
10213247845000128416070035008815055  45407                    0004540743          2014041630105001000003   306130415PED78826530004540743          12041500000000382590411636508000000000000000000000000000000000000000000000000000000000000000000000000000000000000003825900000000000000000000000000   140415                                         11                                                  000086
10213247845000128416070035008805076  45415                    0004541588                                   106130415PED40626520004541588          13041500000000508291044135108000000000000000000000000000000000000000000000000000000000000000000000000000000000000005082900000000000000000000000000   140415                                         13                                                  000087
10213247845000128416070035008805076  45418                    0004541812                                   132140415PED10222650004541812          21041500000000311090414168801000000000000000000000000000000000000000000000000000000000000000000000000000000000000003110900000000000000000000000000   140415                                          1                                                  000088
10213247845000128416070035008815055  45421                    0004542150          2014041630105001000003   306130415PED34426530004542150          12041500000000105602374135108000000000000000000000000000000000000000000000000000000000000000000000000000000000000001056000000000000000000000000000   140415                                         12                                                  000089
10213247845000128416070035008805076  45424                    0004542495                                   106130415PED10222650004542495          10041500000000096850410109008000000000000000000000000000000000000000000000000000000000000000000000000000000000000000968500000000000870000000000000   140415                                         16                                                  000090
10213247845000128416070035008815055  45430                    0004543068          2014041630105001000005   306130415PED78826520004543068          12041500000000211441044135108000000000000000000000000000000000000000000000000000000000000000000000000000000000000002114400000000000000000000000000   140415                                         15                                                  000091
10213247845000128416070035008815055  45432                    0004543238          2014041630105001000003   306130415PED10222650004543238          21041500000000098672374135108000000000000000000000000000000000000000000000000000000000000000000000000000000000000000986700000000000000000000000000   140415                                         15                                                  000092
10213247845000128416070035008805998                           0004543556                                   106130415          0004543556          21041500000000591241044135100000000000020000000000000000000000000000000000000000000000000000000000000000000000000005912400000000000000000000000000   140415                                         15                                                  000093
10213247845000128416070035008805076  45438                    0004543890                                   106130415PED10222650004543890          14041500000000692730412329908000000000000000000000000000000000000000000000000000000000000000000000000000000000000006927300000000000000000000000000   140415                                         11                                                  000094
10213247845000128416070035008815055  45443                    0004544390          2014041630105001000014   306130415PED10192650004544390          14041500000000165680410109008000000000000000000000000000000000000000000000000000000000000000000000000000000000000001656800000000000000000000000000   140415                                         16                                                  000095
10213247845000128416070035008815055  45446                    0004544625          2014041630105001000003   306130415PED78826530004544625          14041500000000124320410109008000000000000000000000000000000000000000000000000000000000000000000000000000000000000001243200000000000000000000000000   140415                                         16                                                  000096
10213247845000128416070035008805076  45451                    0004545125                                   132140415PED78826520004545125          29041500000000239420414168801000000000000000000000000000000000000000000000000000000000000000000000000000000000000002394200000000000000000000000000   140415                                          1                                                  000097
10213247845000128416070035008805076  45455                    0004545532                                   132140415PED34426530004545532          22041500000000275130414168801000000000000000000000000000000000000000000000000000000000000000000000000000000000000002751300000000000000000000000000   140415                                          1                                                  000098
10213247845000128416070035008805076  45462                    0004546296                                   132140415PED36726530004546296          21041500000000275700414168801000000000000000000000000000000000000000000000000000000000000000000000000000000000000002757000000000000000000000000000   140415                                          1                                                  000099
10213247845000128416070035008805076  45465                    0004546520                                   106130415PED10192650004546520          15041500000000246892374135108000000000000000000000000000000000000000000000000000000000000000000000000000000000000002468900000000000000000000000000   140415                                         15                                                  000100
10213247845000128416070035008805076  45466                    0004546601                                   106130415PED10212650004546601          11041500000000259510410109008000000000000000000000000000000000000000000000000000000000000000000000000000000000000002595100000000000000000000000000   140415                                         11                                                  000101
10213247845000128416070035008805076  45469                    0004546946                                   106130415PED021262/0004546946          14041500000000405040410109008000000000000000000000000000000000000000000000000000000000000000000000000000000000000004050400000000000000000000000000   140415                                         16                                                  000102
10213247845000128416070035008805076  45474                    0004547446                                   106130415PED34426530004547446          15041500000000253732374135108000000000000000000000000000000000000000000000000000000000000000000000000000000000000002537300000000000000000000000000   140415                                         15                                                  000103
10213247845000128416070035008805076  45479                    0004547934                                   132140415PED37526530004547934          22041500000000313080414168801000000000000000000000000000000000000000000000000000000000000000000000000000000000000003130800000000000000000000000000   140415                                          1                                                  000104
10213247845000128416070035008805076  45484                    0004548434                                   132140415PED36726540004548434          29041500000000296590414168801000000000000000000000000000000000000000000000000000000000000000000000000000000000000002965900000000000000000000000000   140415                                          1                                                  000105
10213247845000128416070035008805076  45499                    0004549910                                   106130415PED10212650004549910          11041500000000112401044135108000000000000000000000000000000000000000000000000000000000000000000000000000000000000001124000000000000000000000000000   140415                                         15                                                  000106
10213247845000128416070035008805076  45501                    0004550145                                   132140415PED36726530004550145          22041500000000252240414168801000000000000000000000000000000000000000000000000000000000000000000000000000000000000002522400000000000000000000000000   140415                                          1                                                  000107
10213247845000128416070035008805076  45506                    0004550633                                   132140415PED37526530004550633          06051500000000259040414168801000000000000000000000000000000000000000000000000000000000000000000000000000000000000002590400000000000000000000000000   140415                                          1                                                  000108
10213247845000128416070035008815055  45507                    0004550714          2014041630105001000003   306130415PED10192650004550714          18041500000000141780410109008000000000000000000000000000000000000000000000000000000000000000000000000000000000000001417800000000000000000000000000   140415                                         16                                                  000109
10213247845000128416070035008805076  45510                    0004551052                                   106130415PED36726530004551052          14041500000000985660410109008000000000000000000000000000000000000000000000000000000000000000000000000000000000000009856600000000000000000000000000   140415                                         16                                                  000110
10213247845000128416070035008805076  45517                    0004551702                                   132140415PED10192650004551702          22041500000000256960414168801000000000000000000000000000000000000000000000000000000000000000000000000000000000000002569600000000000000000000000000   140415                                          1                                                  000111
10213247845000128416070035008805076  45518                    0004551885                                   132140415PED36726520004551885          27041500000000287000414168801000000000000000000000000000000000000000000000000000000000000000000000000000000000000002870000000000000000000000000000   140415                                          1                                                  000112
10213247845000128416070035008805076  45525                    0004552539                                   132140415PED40626530004552539          22041500000000277040414168801000000000000000000000000000000000000000000000000000000000000000000000000000000000000002770400000000000000000000000000   140415                                          1                                                  000113
10213247845000128416070035008805076  45532                    0004553292                                   132140415PED10192650004553292          22041500000000327420414168801000000000000000000000000000000000000000000000000000000000000000000000000000000000000003274200000000000000000000000000   140415                                          1                                                  000114
10213247845000128416070035008805076  45535                    0004553527                                   106130415PED78826540004553527          15041500000000566111044135108000000000000000000000000000000000000000000000000000000000000000000000000000000000000005661100000000000000000000000000   140415                                         15                                                  000115
10213247845000128416070035008805076  45541                    0004554108                                   106130415PED10192650004554108          12041500000000236710410109008000000000000000000000000000000000000000000000000000000000000000000000000000000000000002367100000000000000000000000000   140415                                         16                                                  000116
10213247845000128416070035008805076  45542                    0004554280                                   106130415PED37526540004554280          15041500000000236007484135108000000000000000000000000000000000000000000000000000000000000000000000000000000000000002360000000000000000000000000000   140415                                         11                                                  000117
10213247845000128416070035008805076  45544                    0004554442                                   106130415PED10192650004554442          14041500000000210981044135108000000000000000000000000000000000000000000000000000000000000000000000000000000000000002109800000000000000000000000000   140415                                         15                                                  000118
10213247845000128416070035008805076  45549                    0004554930                                   132140415PED34426540004554930          19041500000000284580414168801000000000000000000000000000000000000000000000000000000000000000000000000000000000000002845800000000000000000000000000   140415                                          1                                                  000119
10213247845000128416070035008805076  45550                    0004555015                                   132140415PED10192650004555015          16041500000000291240414168801000000000000000000000000000000000000000000000000000000000000000000000000000000000000002912400000000000000000000000000   140415                                          1                                                  000120
10213247845000128416070035008805076  45557                    0004555767                                   106130415PED40626540004555767          16041500000000190881044135108000000000000000000000000000000000000000000000000000000000000000000000000000000000000001908800000000000000000000000000   140415                                         15                                                  000121
10213247845000128416070035008805076  45565                    0004556593                                   132140415PED10192650004556593          16041500000000328270414168801000000000000000000000000000000000000000000000000000000000000000000000000000000000000003282700000000000000000000000000   140415                                          1                                                  000122
10213247845000128416070035008805076  45569                    0004556917                                   106130415PED10192650004556917          11041500000000111950414168808000000000000000000000000000000000000000000000000000000000000000000000000000000000000001119500000000000000000000000000   140415                                         11                                                  000123
10213247845000128416070035008805076  45574                    0004557417                                   106130415PED36726540004557417          16041500000000258620334135108000000000000000000000000000000000000000000000000000000000000000000000000000000000000002586200000000000000000000000000   140415                                         11                                                  000124
10213247845000128416070035008805076  45577                    0004557743                                   132140415PED10212650004557743          23041500000000280310414168801000000000000000000000000000000000000000000000000000000000000000000000000000000000000002803100000000000000000000000000   140415                                          1                                                  000125
10213247845000128416070035008805076  45583                    0004558324                                   106130415PED36726550004558324          23041500000000141621044135108000000000000000000000000000000000000000000000000000000000000000000000000000000000000001416200000000000000000000000000   140415                                         15                                                  000126
10213247845000128416070035008805076  45586                    0004558650                                   106130415PED34426540004558650          12041500000000191951044135108000000000000000000000000000000000000000000000000000000000000000000000000000000000000001919500000000000000000000000000   140415                                         15                                                  000127
10213247845000128416070035008805998                           0004558731                                   106130415          0004558731          14041500000000630251044135100000000000020000000000000000000000000000000000000000000000000000000000000000000000000006302500000000000000000000000000   140415                                         15                                                  000128
10213247845000128416070035008805076  45588                    0004558812                                   106130415PED021333/0004558812          16041500000000164901044135108000000000000000000000000000000000000000000000000000000000000000000000000000000000000001649000000000000000000000000000   140415                                         15                                                  000129
10213247845000128416070035008805076  45596                    0004559649                                   132140415PED10192650004559649          16041500000000330070414168801000000000000000000000000000000000000000000000000000000000000000000000000000000000000003300700000000000000000000000000   140415                                          1                                                  000130
10213247845000128416070035008805076  45599                    0004559983                                   132140415PED10192650004559983          30041500000000114250414168801000000000000000000000000000000000000000000000000000000000000000000000000000000000000001142500000000000000000000000000   140415                                          1                                                  000131
10213247845000128416070035008805076  45601                    0004560124                                   132140415PED34426550004560124          23041500000000201250414168801000000000000000000000000000000000000000000000000000000000000000000000000000000000000002012500000000000000000000000000   140415                                          1                                                  000132
10213247845000128416070035008805076  45602                    0004560205                                   132140415PED34426550004560205          30041500000000186170414168801000000000000000000000000000000000000000000000000000000000000000000000000000000000000001861700000000000000000000000000   140415                                          1                                                  000133
10213247845000128416070035008805076  45606                    0004560612                                   132140415PED10192650004560612          16041500000000113290414168801000000000000000000000000000000000000000000000000000000000000000000000000000000000000001132900000000000000000000000000   140415                                          1                                                  000134
10213247845000128416070035008805076  45608                    0004560876                                   132140415PED10212650004560876          23041500000000161080414168801000000000000000000000000000000000000000000000000000000000000000000000000000000000000001610800000000000000000000000000   140415                                          1                                                  000135
10213247845000128416070035008805076  45609                    0004560957                                   132140415PED10192650004560957          23041500000000244740414168801000000000000000000000000000000000000000000000000000000000000000000000000000000000000002447400000000000000000000000000   140415                                          1                                                  000136
10213247845000128416070035008805076  45612                    0004561295                                   132140415PED10192650004561295          23041500000000116560414168801000000000000000000000000000000000000000000000000000000000000000000000000000000000000001165600000000000000000000000000   140415                                          1                                                  000137
10213247845000128416070035008805076  45614                    0004561457                                   132140415PED10192650004561457          23041500000000326410414168801000000000000000000000000000000000000000000000000000000000000000000000000000000000000003264100000000000000000000000000   140415                                          1                                                  000138
10213247845000128416070035008805076  45615                    0004561538                                   132140415PED40626550004561538          23041500000000299100414168801000000000000000000000000000000000000000000000000000000000000000000000000000000000000002991000000000000000000000000000   140415                                          1                                                  000139
10213247845000128416070035008805998                           0004561600                                   106130415          0004561600          17041500000000236402374135100000000000020000000000000000000000000000000000000000000000000000000000000000000000000002364000000000000000000000000000   140415                                         12                                                  000140
10213247845000128416070035008805076  45617                    0004561783                                   132140415PED36726550004561783          01051500000000325560414168801000000000000000000000000000000000000000000000000000000000000000000000000000000000000003255600000000000000000000000000   140415                                          1                                                  000141
10213247845000128416070035008805076  45619                    0004561945                                   132140415PED36726550004561945          24041500000000276720414168801000000000000000000000000000000000000000000000000000000000000000000000000000000000000002767200000000000000000000000000   140415                                          1                                                  000142
10213247845000128416070035008805076  45620                    0004562038                                   132140415PED34426550004562038          24041500000000212260414168801000000000000000000000000000000000000000000000000000000000000000000000000000000000000002122600000000000000000000000000   140415                                          1                                                  000143
10213247845000128416070035008805076  45621                    0004562100                                   132140415PED10192650004562100          17041500000000198860414168801000000000000000000000000000000000000000000000000000000000000000000000000000000000000001988600000000000000000000000000   140415                                          1                                                  000144
10213247845000128416070035008805076  45624                    0004562445                                   132140415PED10192650004562445          16041500000000232580414168801000000000000000000000000000000000000000000000000000000000000000000000000000000000000002325800000000000000000000000000   140415                                          1                                                  000145
10213247845000128416070035008805076  45625                    0004562518                                   132140415PED40626550004562518          24041500000000272230414168801000000000000000000000000000000000000000000000000000000000000000000000000000000000000002722300000000000000000000000000   140415                                          1                                                  000146
10213247845000128416070035008805076  45626                    0004562690                                   132140415PED021337/0004562690          01051500000000245900414168801000000000000000000000000000000000000000000000000000000000000000000000000000000000000002459000000000000000000000000000   140415                                          1                                                  000147
10213247845000128416070035008805076  45627                    0004562771                                   132140415PED34426550004562771          17041500000000249330414168801000000000000000000000000000000000000000000000000000000000000000000000000000000000000002493300000000000000000000000000   140415                                          1                                                  000148
10213247845000128416070035008805076  45629                    0004562933                                   132140415PED10222650004562933          24041500000000105230414168801000000000000000000000000000000000000000000000000000000000000000000000000000000000000001052300000000000000000000000000   140415                                          1                                                  000149
10213247845000128416070035008805076  45630                    0004563018                                   132140415PED10222650004563018          24041500000000212530414168801000000000000000000000000000000000000000000000000000000000000000000000000000000000000002125300000000000000000000000000   140415                                          1                                                  000150
10213247845000128416070035008805998                           0004563190                                   106130415          0004563190          15041500000000216080410109000000000000020000000000000000000000000000000000000000000000000000000000000000000000000002160800000000000000000000000000   140415                                         16                                                  000151
10213247845000128416070035008805076  45632                    0004563271                                   132140415PED37526550004563271          24041500000000134450414168801000000000000000000000000000000000000000000000000000000000000000000000000000000000000001344500000000000000000000000000   140415                                          1                                                  000152
10213247845000128416070035008805076  45633                    0004563352                                   132140415PED10222650004563352          24041500000000084200414168801000000000000000000000000000000000000000000000000000000000000000000000000000000000000000842000000000000000000000000000   140415                                          1                                                  000153
10213247845000128416070035008805998                           0004563433                                   106130415          0004563433          13041500000000378843414135100000000000020000000000000000000000000000000000000000000000000000000000000000000000000003788400000000000000000000000000   140415                                         11                                                  000154
10213247845000128416070035008805076  45635                    0004563506                                   132140415PED78826550004563506          24041500000000292750414168801000000000000000000000000000000000000000000000000000000000000000000000000000000000000002927500000000000000000000000000   140415                                          1                                                  000155
10213247845000128416070035008805076  45636                    0004563689                                   132140415PED78826560004563689          24041500000000191790414168801000000000000000000000000000000000000000000000000000000000000000000000000000000000000001917900000000000000000000000000   140415                                          1                                                  000156
10213247845000128416070035008805076  45639                    0004563921                                   132140415PED37526550004563921          08051500000000187030414168801000000000000000000000000000000000000000000000000000000000000000000000000000000000000001870300000000000000000000000000   140415                                          1                                                  000157
10213247845000128416070035008805076  45641                    0004564189                                   132140415PED78826560004564189          01051500000000301310414168801000000000000000000000000000000000000000000000000000000000000000000000000000000000000003013100000000000000000000000000   140415                                          1                                                  000158
10213247845000128416070035008805076  45642                    0004564278                                   132140415PED37526560004564278          17041500000000230630414168801000000000000000000000000000000000000000000000000000000000000000000000000000000000000002306300000000000000000000000000   140415                                          1                                                  000159
10213247845000128416070035008805076  45643                    0004564340                                   132140415PED10192650004564340          17041500000000106450414168801000000000000000000000000000000000000000000000000000000000000000000000000000000000000001064500000000000000000000000000   140415                                          1                                                  000160
10213247845000128416070035008805076  45644                    0004564421                                   132140415PED78826560004564421          17041500000000165770414168801000000000000000000000000000000000000000000000000000000000000000000000000000000000000001657700000000000000000000000000   140415                                          1                                                  000161
10213247845000128416070035008805076  45648                    0004564839                                   132140415PED36726560004564839          24041500000000183100414168801000000000000000000000000000000000000000000000000000000000000000000000000000000000000001831000000000000000000000000000   140415                                          1                                                  000162
10213247845000128416070035008805076  45649                    0004564928                                   132140415PED34426560004564928          01051500000000115410414168801000000000000000000000000000000000000000000000000000000000000000000000000000000000000001154100000000000000000000000000   140415                                          1                                                  000163
10213247845000128416070035008805998                           0004565096                                   106130415          0004565096          17041500000000149901044135100000000000020000000000000000000000000000000000000000000000000000000000000000000000000001499000000000000000000000000000   140415                                         15                                                  000164
10213247845000128416070035008805076  45653                    0004565339                                   132140415PED40626560004565339          24041500000000208980414168801000000000000000000000000000000000000000000000000000000000000000000000000000000000000002089800000000000000000000000000   140415                                          1                                                  000165
10213247845000128416070035008805076  45656                    0004565665                                   102140415PED34426560004565665          20041500000000497760411636508000000000020000000000000000000000000000000000000000000000000000000000000000000000000000000000000000000000000000000000                                                                                                      000166
10213247845000128416070035008805076  45660                    0004566084                                   102140415PED021394/0004566084          04051500000000147070414168808000000000020000000000000000000000000000000000000000000000000000000000000000000000000000000000000000000000000000000000                                                                                                      000167
10213247845000128416070035008805998                           0004566165                                   106130415          0004566165          17041500000000243960410109000000000000020000000000000000000000000000000000000000000000000000000000000000000000000002439600000000000000000000000000   140415                                         16                                                  000168
10213247845000128416070035008805076  45662                    0004566246                                   102140415PED78826590004566246          11051500000000442860412907608000000000020000000000000000000000000000000000000000000000000000000000000000000000000000000000000000000000000000000000                                                                                                      000169
10213247845000128416070035008805076  45663                    0004566327                                   102140415PED78826590004566327          11051500000000435760412907608000000000020000000000000000000000000000000000000000000000000000000000000000000000000000000000000000000000000000000000                                                                                                      000170
10213247845000128416070035008805076  45664                    0004566408                                   102140415PED021397/0004566408          27041500000000541970414168808000000000020000000000000000000000000000000000000000000000000000000000000000000000000000000000000000000000000000000000                                                                                                      000171
10213247845000128416070035008805076  45665                    0004566572                                   102140415PED36726590004566572          04051500000000238590414168808000000000020000000000000000000000000000000000000000000000000000000000000000000000000000000000000000000000000000000000                                                                                                      000172
10213247845000128416070035008805076  45667                    0004566734                                   102140415PED34426590004566734          27041500000000462500414168808000000000020000000000000000000000000000000000000000000000000000000000000000000000000000000000000000000000000000000000                                                                                                      000173
10213247845000128416070035008805076  45668                    0004566815                                   102140415PED40626590004566815          19041500000000481860414168808000000000020000000000000000000000000000000000000000000000000000000000000000000000000000000000000000000000000000000000                                                                                                      000174
10213247845000128416070035008805076  45670                    0004567072                                   102140415PED34426590004567072          27041500000001709650414168808000000000020000000000000000000000000000000000000000000000000000000000000000000000000000000000000000000000000000000000                                                                                                      000175
10213247845000128416070035008805076  45671                    0004567153                                   102140415PED78826590004567153          04051500000000588220416106908000000000020000000000000000000000000000000000000000000000000000000000000000000000000000000000000000000000000000000000                                                                                                      000176
10213247845000128416070035008805076  45672                    0004567234                                   102140415PED36726590004567234          04051500000000401120414168808000000000020000000000000000000000000000000000000000000000000000000000000000000000000000000000000000000000000000000000                                                                                                      000177
10213247845000128416070035008805076  45674                    0004567498                                   102140415PED34426590004567498          11051500000000427440414168808000000000020000000000000000000000000000000000000000000000000000000000000000000000000000000000000000000000000000000000                                                                                                      000178
10213247845000128416070035008805076  45675                    0004567560                                   102140415PED36726590004567560          04051500000000070000414168808000000000020000000000000000000000000000000000000000000000000000000000000000000000000000000000000000000000000000000000                                                                                                      000179
10213247845000128416070035008805076  45676                    0004567641                                   102140415PED78826590004567641          20041500000000907920416106908000000000020000000000000000000000000000000000000000000000000000000000000000000000000000000000000000000000000000000000                                                                                                      000180
10213247845000128416070035008805076  45684                    0004568486                                   102140415PED021408/0004568486          20041500000000211280414168808000000000020000000000000000000000000000000000000000000000000000000000000000000000000000000000000000000000000000000000                                                                                                      000181
10213247845000128416070035008805076  45685                    0004568559                                   102140415PED40626590004568559          04051500000000111130414168808000000000020000000000000000000000000000000000000000000000000000000000000000000000000000000000000000000000000000000000                                                                                                      000182
10213247845000128416070035008805076  45692                    0004569210                                   102140415PED40626590004569210          27041500000000118510414168808000000000020000000000000000000000000000000000000000000000000000000000000000000000000000000000000000000000000000000000                                                                                                      000183
9201041          000003830000001543209000000000 00000170000000007793640000107000000003938347                                                                                                                                                                                                                                                                                                              000184
