02RETORNO01COBRANCA       416070035008        DISTRIBUIDORA DE ALIMENTOS BIL041BANRISUL       23041501600BPI                                                                                                                                                                                                                                                                                              000001
10213247845000128416070035008805076  46063                    0004606345                                    03230415PED10222660004606345          0605150000000009134041       000000000000000000000000000000000000000000000000000000000000000000000000000000000000000000000000000000000000000000000                                                                                          09          000002
10213247845000128416070035008805076  46065                    0004606590                                    03230415PED10222660004606590          0605150000000021391041       000000000000000000000000000000000000000000000000000000000000000000000000000000000000000000000000000000000000000000000                                                                                          49          000003
10213247845000128416070035008805076  44375                    0004437543                                   110230415PED40626310004437543          19031500000000230850414168808000000000114000000000000000000000000000000000000000000000000000000000000000000000000002308500000000000000000000000000   230415                                         1                                                   000004
10213247845000128416070035008805076  44576                    0004457676                                   110230415PED10192630004457676          01041500000000136620414168808000000000114000000000000000000000000000000000000000000000000000000000000000000000000001366200000000000000000000000000   230415                                         1                                                   000005
10213247845000128416070035008805076  44758                    0004475828                                   106220415PED40626380004475828          20041500000000889680414168808000000000000000000000000000000000000000000000000000000000000000000000000000000000000008896800000000005340000000000000   230415                                         11                                                  000006
10213247845000128416070035008805076  44764                    0004476492                                   106220415PED34426380004476492          21041500000000671201044135108000000000000000000000000000000000000000000000000000000000000000000000000000000000000006712000000000000000000000000000   230415                                         15                                                  000007
10213247845000128416070035008815055  44769                    0004476980          2014041630105001000003   306220415PED37526380004476980          21041500000000256070410109008000000000000000000000000000000000000000000000000000000000000000000000000000000000000002560700000000000000000000000000   230415                                         16                                                  000008
10213247845000128416070035008815055  44770                    0004477065          2014041630105001000005   332230415PED34426380004477065          07041500000000288880414168801000000000000000000000000000000000000000000000000000000000000000000000000000000000000002888800000000000000000000000000   230415                                          1                                                  000009
10213247845000128416070035008815055  44800                    0004480015          2014041630105001000003   306220415PED40626390004480015          21041500000000437580410109008000000000000000000000000000000000000000000000000000000000000000000000000000000000000004375800000000000000000000000000   230415                                         11                                                  000010
10213247845000128416070035008815055  44853                    0004485300          2014041630105001000005   306220415PED40626390004485300          22041500000000289740334135108000000000000000000000000000000000000000000000000000000000000000000000000000000000000002897400000000000000000000000000   230415                                         13                                                  000011
10213247845000128416070035008805998                           0004490258                                   106220415          0004490258          22041500000000572970419407200000000000020000000000000000000000000000000000000000000000000000000000000000000000000005729700000000000000000000000000   230415                                         11                                                  000012
10213247845000128416070035008805998                           0004494881                                   106220415          0004494881          22041500000000143350410109000000000000020000000000000000000000000000000000000000000000000000000000000000000000000001433500000000000000000000000000   230415                                         17                                                  000013
10213247845000128416070035008805076  45084                    0004508416                                   106220415PED40626450004508416          20041500000000585650414168808000000000000000000000000000000000000000000000000000000000000000000000000000000000000005856500000000003520000000000000   230415                                         11                                                  000014
10213247845000128416070035008815055  45101                    0004510135          2014041630105001000003   306220415PED34426450004510135          21041500000000394871044135108000000000000000000000000000000000000000000000000000000000000000000000000000000000000003948700000000000000000000000000   230415                                         15                                                  000015
10213247845000128416070035008815055  45102                    0004510216          2014041630105001000003   306220415PED37526450004510216          21041500000000288720410109008000000000000000000000000000000000000000000000000000000000000000000000000000000000000002887200000000000000000000000000   230415                                         16                                                  000016
10213247845000128416070035008815055  45105                    0004510542          2014041630105001000005   306220415PED37526450004510542          21041500000000363540410109008000000000000000000000000000000000000000000000000000000000000000000000000000000000000003635400000000000000000000000000   230415                                         16                                                  000017
10213247845000128416070035008805076  45112                    0004511204                                   115220415PED37526450004511204          07041500000000428180411974708000000000000000000000005700000000000000000000000000000000000000000000000000000000000004224800000000007680000000000000   230415                                         17                                                  000018
10213247845000128416070035008815055  45133                    0004513363          2014041630105001000003   306220415PED36726460004513363          21041500000000312331044135108000000000000000000000000000000000000000000000000000000000000000000000000000000000000003123300000000000000000000000000   230415                                         15                                                  000019
10213247845000128416070035008815055  45137                    0004513770          2014041630105001000005   306220415PED36726450004513770          21041500000000349993994135108000000000000000000000000000000000000000000000000000000000000000000000000000000000000003499900000000000000000000000000   230415                                         11                                                  000020
10213247845000128416070035008805998                           0004513851                                   106220415          0004513851          21041500000000349993994135100000000000020000000000000000000000000000000000000000000000000000000000000000000000000003499900000000000000000000000000   230415                                         11                                                  000021
10213247845000128416070035008815055  45141                    0004514106          2014041630105001000003   306220415PED37526450004514106          21041500000000468300410109008000000000000000000000000000000000000000000000000000000000000000000000000000000000000004683000000000000000000000000000   230415                                         16                                                  000022
10213247845000128416070035008805998                           0004517814                                   106220415          0004517814          21041500000000158040410109000000000000020000000000000000000000000000000000000000000000000000000000000000000000000001580400000000000000000000000000   230415                                         13                                                  000023
10213247845000128416070035008805998                           0004519973                                   106220415          0004519973          22041500000000441910410109000000000000020000000000000000000000000000000000000000000000000000000000000000000000000004419100000000000000000000000000   230415                                         16                                                  000024
10213247845000128416070035008805998                           0004522508                                   106220415          0004522508          22041500000000125131044135100000000000020000000000000000000000000000000000000000000000000000000000000000000000000001251300000000000000000000000000   230415                                         15                                                  000025
10213247845000128416070035008805998                           0004523261                                   106220415          0004523261          22041500000000534791044135100000000000020000000000000000000000000000000000000000000000000000000000000000000000000005347900000000000000000000000000   230415                                         15                                                  000026
10213247845000128416070035008805998                           0004523911                                   106220415          0004523911          22041500000000248161044135100000000000020000000000000000000000000000000000000000000000000000000000000000000000000002481600000000000000000000000000   230415                                         15                                                  000027
10213247845000128416070035008805076  45252                    0004525248                                   106220415PED40626470004525248          22041500000000695260410109008000000000000000000000000000000000000000000000000000000000000000000000000000000000000006952600000000000000000000000000   230415                                         13                                                  000028
10213247845000128416070035008805076  45253                    0004525329                                   106220415PED10212640004525329          22041500000000984962374135108000000000000000000000000000000000000000000000000000000000000000000000000000000000000009849600000000000000000000000000   230415                                         13                                                  000029
10213247845000128416070035008815055  45258                    0004525817          2014041630105001000005   306220415PED40626470004525817          22041500000000171260414168808000000000000000000000000000000000000000000000000000000000000000000000000000000000000001712600000000000000000000000000   230415                                         11                                                  000030
10213247845000128416070035008815055  45260                    0004526074          2014041630105001000005   306220415PED021169/0004526074          22041500000000167460410109008000000000000000000000000000000000000000000000000000000000000000000000000000000000000001674600000000000000000000000000   230415                                         16                                                  000031
10213247845000128416070035008805076  45267                    0004526724                                   106220415PED78826470004526724          22041500000000938253414135108000000000000000000000000000000000000000000000000000000000000000000000000000000000000009382500000000000000000000000000   230415                                         11                                                  000032
10213247845000128416070035008815055  45271                    0004527143          2014041630105001000005   306220415PED78826470004527143          22041500000000276130410109008000000000000000000000000000000000000000000000000000000000000000000000000000000000000002761300000000000000000000000000   230415                                         13                                                  000033
10213247845000128416070035008815055  45292                    0004529200          2014041630105001000003   306220415PED36726480004529200          23041500000000314040410109008000000000000000000000000000000000000000000000000000000000000000000000000000000000000003140400000000000000000000000000   230415                                         16                                                  000034
10213247845000128416070035008805076  45317                    0004531752                                   106220415PED78826470004531752          23041500000000636160410109008000000000000000000000000000000000000000000000000000000000000000000000000000000000000006361600000000000000000000000000   230415                                         16                                                  000035
10213247845000128416070035008815055  45379                    0004537955          2014041630105001000003   306220415PED37526520004537955          21041500000000277910014135108000000000000000000000000000000000000000000000000000000000000000000000000000000000000002779100000000000000000000000000   230415                                         13                                                  000036
10213247845000128416070035008815055  45393                    0004539362          2014041630105001000003   306220415PED37526520004539362          21041500000000262222374135108000000000000000000000000000000000000000000000000000000000000000000000000000000000000002622200000000000000000000000000   230415                                         15                                                  000037
10213247845000128416070035008805076  45404                    0004540417                                   110230415PED10192650004540417          14041500000000223290414168808000000000114000000000000000000000000000000000000000000000000000000000000000000000000002232900000000000000000000000000   230415                                         1                                                   000038
10213247845000128416070035008805076  45413                    0004541324                                   106220415PED10192650004541324          21041500000000436521044135108000000000000000000000000000000000000000000000000000000000000000000000000000000000000004365200000000000000000000000000   230415                                         11                                                  000039
10213247845000128416070035008815055  45418                    0004541812          2014041630105001000005   306220415PED10222650004541812          21041500000000311090410109008000000000000000000000000000000000000000000000000000000000000000000000000000000000000003110900000000000000000000000000   230415                                         16                                                  000040
10213247845000128416070035008815055  45419                    0004541995          2014041630105001000003   306220415PED10222650004541995          21041500000000175620410109008000000000000000000000000000000000000000000000000000000000000000000000000000000000000001756200000000000000000000000000   230415                                         16                                                  000041
10213247845000128416070035008815055  45431                    0004543149          2013041630105001000013   306220415PED78826530004543149          21041500000000371062374135108000000000000000000000000000000000000000000000000000000000000000000000000000000000000003710600000000000000000000000000   230415                                         15                                                  000042
10213247845000128416070035008815055  45433                    0004543300          2014041630105001000005   306220415PED10222650004543300          21041500000000343470416650808000000000000000000000000000000000000000000000000000000000000000000000000000000000000003434700000000000000000000000000   230415                                         11                                                  000043
10213247845000128416070035008815055  45434                    0004543483          2014041630105001000005   306220415PED10222650004543483          21041500000000213900410109008000000000000000000000000000000000000000000000000000000000000000000000000000000000000002139000000000000000000000000000   230415                                         16                                                  000044
10213247845000128416070035008815055  45436                    0004543637          2014041630105001000003   306220415PED10222650004543637          21041500000000119147484135108000000000000000000000000000000000000000000000000000000000000000000000000000000000000001191400000000000000000000000000   230415                                         15                                                  000045
10213247845000128416070035008815055  45452                    0004545206          2014041630105001000003   306220415PED10212650004545206          22041500000000192570014135108000000000000000000000000000000000000000000000000000000000000000000000000000000000000001925700000000000000000000000000   230415                                         13                                                  000046
10213247845000128416070035008815055  45454                    0004545478          2014041630105001000003   306220415PED10222650004545478          22041500000000132832374135108000000000000000000000000000000000000000000000000000000000000000000000000000000000000001328300000000000000000000000000   230415                                         15                                                  000047
10213247845000128416070035008815055  45457                    0004545796          2014041630105001000005   306220415PED78826530004545796          22041500000000330751044135108000000000000000000000000000000000000000000000000000000000000000000000000000000000000003307500000000000000000000000000   230415                                         15                                                  000048
10213247845000128416070035008815055  45458                    0004545877          2014041630105001000003   306220415PED40626530004545877          22041500000000185870014135108000000000000000000000000000000000000000000000000000000000000000000000000000000000000001858700000000000000000000000000   230415                                         12                                                  000049
10213247845000128416070035008815055  45462                    0004546296          2014041630105001000003   306220415PED36726530004546296          21041500000000275700410109008000000000000000000000000000000000000000000000000000000000000000000000000000000000000002757000000000000000000000000000   230415                                         13                                                  000050
10213247845000128416070035008815055  45479                    0004547934          2014041630105001000005   306220415PED37526530004547934          22041500000000313080410109008000000000000000000000000000000000000000000000000000000000000000000000000000000000000003130800000000000000000000000000   230415                                         16                                                  000051
10213247845000128416070035008815055  45481                    0004548191          2014041630105001000003   306220415PED37526530004548191          21041500000000138503414135108000000000000000000000000000000000000000000000000000000000000000000000000000000000000001385000000000000000000000000000   230415                                         12                                                  000052
10213247845000128416070035008805076  45493                    0004549341                                   106220415PED10192650004549341          21041500000000464981044135108000000000000000000000000000000000000000000000000000000000000000000000000000000000000004649800000000000000000000000000   230415                                         15                                                  000053
10213247845000128416070035008815055  45494                    0004549422          2014041630105001000003   306220415PED10192650004549422          22041500000000102400410109008000000000000000000000000000000000000000000000000000000000000000000000000000000000000001024000000000000000000000000000   230415                                         16                                                  000054
10213247845000128416070035008815055  45495                    0004549597          2014041630105001000005   306220415PED10192650004549597          22041500000000213010410109008000000000000000000000000000000000000000000000000000000000000000000000000000000000000002130100000000000000000000000000   230415                                         16                                                  000055
10213247845000128416070035008805076  45500                    0004550064                                   106220415PED36726530004550064          22041500000000692652374135108000000000000000000000000000000000000000000000000000000000000000000000000000000000000006926500000000000000000000000000   230415                                         15                                                  000056
10213247845000128416070035008815055  45512                    0004551214          2014041630105001000003   306220415PED10192650004551214          22041500000000182190410109008000000000000000000000000000000000000000000000000000000000000000000000000000000000000001821900000000000000000000000000   230415                                         16                                                  000057
10213247845000128416070035008815055  45516                    0004551621          2014041630105001000003   306220415PED10192650004551621          22041500000000168230410109008000000000000000000000000000000000000000000000000000000000000000000000000000000000000001682300000000000000000000000000   230415                                         16                                                  000058
10213247845000128416070035008815055  45517                    0004551702          2014041630105001000003   306220415PED10192650004551702          22041500000000256960014135108000000000000000000000000000000000000000000000000000000000000000000000000000000000000002569600000000000000000000000000   230415                                         13                                                  000059
10213247845000128416070035008815055  45521                    0004552121          2014041630105001000003   306220415PED37526540004552121          22041500000000235100014135108000000000000000000000000000000000000000000000000000000000000000000000000000000000000002351000000000000000000000000000   230415                                         13                                                  000060
10213247845000128416070035008805076  45529                    0004552954                                   106220415PED40626540004552954          22041500000000435940419407208000000000000000000000000000000000000000000000000000000000000000000000000000000000000004359400000000000000000000000000   230415                                         11                                                  000061
10213247845000128416070035008815055  45532                    0004553292          2014041630105001000005   306220415PED10192650004553292          22041500000000327421044135108000000000000000000000000000000000000000000000000000000000000000000000000000000000000003274200000000000000000000000000   230415                                         11                                                  000062
10213247845000128416070035008815055  45536                    0004553608          2014041630105001000003   306220415PED78826540004553608          22041500000000343890410109008000000000000000000000000000000000000000000000000000000000000000000000000000000000000003438900000000000000000000000000   230415                                         13                                                  000063
10213247845000128416070035008815055  45556                    0004555686          2014041630105001000005   306220415PED34426540004555686          22041500000000120091044135108000000000000000000000000000000000000000000000000000000000000000000000000000000000000001200900000000000000000000000000   230415                                         15                                                  000064
10213247845000128416070035008815055  45570                    0004557093          2014041630105001000003   306220415PED40626550004557093          23041500000000186300410109008000000000000000000000000000000000000000000000000000000000000000000000000000000000000001863000000000000000000000000000   230415                                         16                                                  000065
10213247845000128416070035008815055  45577                    0004557743          2014041630105001000003   306220415PED10212650004557743          23041500000000280312374135108000000000000000000000000000000000000000000000000000000000000000000000000000000000000002803100000000000000000000000000   230415                                         11                                                  000066
10213247845000128416070035008815055  45578                    0004557824          2014041630105001000005   306220415PED10212650004557824          22041500000000134910014135108000000000000000000000000000000000000000000000000000000000000000000000000000000000000001349100000000000000000000000000   230415                                         13                                                  000067
10213247845000128416070035008815055  45593                    0004559312          2014041630105001000005   306220415PED78826540004559312          22041500000000102553414135108000000000000000000000000000000000000000000000000000000000000000000000000000000000000001025500000000000000000000000000   230415                                         12                                                  000068
10213247845000128416070035008815055  45643                    0004564340          2013041630105001000013   323230415PED10192650004564340          17041500000000106450414168808000000000000000000000000000000000000000000000000000000000000000000000000000000000000000000000000000000000000000000000                                                                                                      000069
10213247845000128416070035008805076  45681                    0004568141                                   132230415PED34426590004568141          27041500000000259170414168801000000000000000000000000000000000000000000000000000000000000000000000000000000000000002591700000000000000000000000000   230415                                          1                                                  000070
10213247845000128416070035008805076  45686                    0004568648                                   132230415PED34426590004568648          04051500000000282630414168801000000000000000000000000000000000000000000000000000000000000000000000000000000000000002826300000000000000000000000000   230415                                          1                                                  000071
10213247845000128416070035008805076  45696                    0004569628                                   106220415PED10212650004569628          21041500000000189970410109008000000000000000000000000000000000000000000000000000000000000000000000000000000000000001899700000000000000000000000000   230415                                         13                                                  000072
10213247845000128416070035008805076  45700                    0004570022                                   106220415PED34426590004570022          21041500000000348390410109008000000000000000000000000000000000000000000000000000000000000000000000000000000000000003483900000000000000000000000000   230415                                         16                                                  000073
10213247845000128416070035008805076  45705                    0004570510                                   106220415PED021401/0004570510          20041500000000259170414168808000000000000000000000000000000000000000000000000000000000000000000000000000000000000002591700000000001560000000000000   230415                                         11                                                  000074
10213247845000128416070035008815055  45708                    0004570855          2014041630105001000014   306220415PED10192650004570855          27041500000000104700410109008000000000000000000000000000000000000000000000000000000000000000000000000000000000000001047000000000000000000000000000   230415                                         16                                                  000075
10213247845000128416070035008805076  45710                    0004571010                                   132230415PED40626590004571010          05051500000000316590414168801000000000000000000000000000000000000000000000000000000000000000000000000000000000000003165900000000000000000000000000   230415                                          1                                                  000076
10213247845000128416070035008805076  45711                    0004571193                                   132230415PED40626590004571193          12051500000000316580414168801000000000000000000000000000000000000000000000000000000000000000000000000000000000000003165800000000000000000000000000   230415                                          1                                                  000077
10213247845000128416070035008815055  45721                    0004572181          2014041630105001000003   306220415PED10192650004572181          21041500000000139042374135108000000000000000000000000000000000000000000000000000000000000000000000000000000000000001390400000000000000000000000000   230415                                         15                                                  000078
10213247845000128416070035008805076  45732                    0004573250                                   132230415PED37526600004573250          28041500000000307500414168801000000000000000000000000000000000000000000000000000000000000000000000000000000000000003075000000000000000000000000000   230415                                          1                                                  000079
10213247845000128416070035008815055  45736                    0004573668          2014041630105001000005   306220415PED10192650004573668          21041500000000123120410109008000000000000000000000000000000000000000000000000000000000000000000000000000000000000001231200000000000000000000000000   230415                                         13                                                  000080
10213247845000128416070035008805076  45737                    0004573749                                   106220415PED37526590004573749          21041500000000231231044135108000000000000000000000000000000000000000000000000000000000000000000000000000000000000002312300000000000000000000000000   230415                                         15                                                  000081
10213247845000128416070035008805076  45742                    0004574249                                   106220415PED34426600004574249          21041500000000497961044135108000000000000000000000000000000000000000000000000000000000000000000000000000000000000004979600000000000000000000000000   230415                                         15                                                  000082
10213247845000128416070035008805076  45754                    0004575490                                   132230415PED78826590004575490          28041500000000246980414168801000000000000000000000000000000000000000000000000000000000000000000000000000000000000002469800000000000000000000000000   230415                                          1                                                  000083
10213247845000128416070035008805076  45771                    0004577132                                   106220415PED36726600004577132          19041500000000688460410109008000000000000000000000000000000000000000000000000000000000000000000000000000000000000006884600000000006210000000000000   230415                                         16                                                  000084
10213247845000128416070035008815055  45775                    0004577558          2014041630105001000005   306220415PED37526600004577558          21041500000000116221044135108000000000000000000000000000000000000000000000000000000000000000000000000000000000000001162200000000000000000000000000   230415                                         13                                                  000085
10213247845000128416070035008805076  45781                    0004578120                                   106220415PED78826600004578120          19041500000000506750411636508000000000000000000000000000000000000000000000000000000000000000000000000000000000000005067500000000004560000000000000   230415                                         11                                                  000086
10213247845000128416070035008805076  45783                    0004578384                                   132230415PED10212660004578384          28041500000000307310414168801000000000000000000000000000000000000000000000000000000000000000000000000000000000000003073100000000000000000000000000   230415                                          1                                                  000087
10213247845000128416070035008805076  45787                    0004578791                                   106220415PED10222650004578791          21041500000000250500410109008000000000000000000000000000000000000000000000000000000000000000000000000000000000000002505000000000000000000000000000   230415                                         16                                                  000088
10213247845000128416070035008805076  45792                    0004579291                                   132230415PED34426600004579291          29041500000000261460414168801000000000000000000000000000000000000000000000000000000000000000000000000000000000000002614600000000000000000000000000   230415                                          1                                                  000089
10213247845000128416070035008805076  45795                    0004579526                                   132230415PED10222650004579526          29041500000000252300414168801000000000000000000000000000000000000000000000000000000000000000000000000000000000000002523000000000000000000000000000   230415                                          1                                                  000090
10213247845000128416070035008805076  45810                    0004581091                                   132230415PED40626600004581091          28041500000000314700414168801000000000000000000000000000000000000000000000000000000000000000000000000000000000000003147000000000000000000000000000   230415                                          1                                                  000091
10213247845000128416070035008805076  45815                    0004581598                                   132230415PED10192660004581598          06051500000000255750414168801000000000000000000000000000000000000000000000000000000000000000000000000000000000000002557500000000000000000000000000   230415                                          1                                                  000092
10213247845000128416070035008805076  45817                    0004581741                                   106220415PED37526610004581741          22041500000000506581044135108000000000000000000000000000000000000000000000000000000000000000000000000000000000000005065800000000000000000000000000   230415                                         15                                                  000093
10213247845000128416070035008805076  45818                    0004581822                                   106220415PED34426600004581822          22041500000000247650014135108000000000000000000000000000000000000000000000000000000000000000000000000000000000000002476500000000000000000000000000   230415                                         12                                                  000094
10213247845000128416070035008805076  45820                    0004582098                                   132230415PED36726610004582098          06051500000000278000414168801000000000000000000000000000000000000000000000000000000000000000000000000000000000000002780000000000000000000000000000   230415                                          1                                                  000095
10213247845000128416070035008805076  45828                    0004582810                                   132230415PED36726600004582810          06051500000000277160414168801000000000000000000000000000000000000000000000000000000000000000000000000000000000000002771600000000000000000000000000   230415                                          1                                                  000096
10213247845000128416070035008805076  45829                    0004582993                                   132230415PED37526600004582993          06051500000000273320414168801000000000000000000000000000000000000000000000000000000000000000000000000000000000000002733200000000000000000000000000   230415                                          1                                                  000097
10213247845000128416070035008805076  45832                    0004583248                                   106220415PED34426600004583248          22041500000000558791044135108000000000000000000000000000000000000000000000000000000000000000000000000000000000000005587900000000000000000000000000   230415                                         15                                                  000098
10213247845000128416070035008815055  45835                    0004583566          2014041630105001000005   306220415PED10192660004583566          22041500000000117160410109008000000000000000000000000000000000000000000000000000000000000000000000000000000000000001171600000000000000000000000000   230415                                         16                                                  000099
10213247845000128416070035008805076  45837                    0004583728                                   123230415PED10212660004583728          18041500000000137950412907608000000000000000000000000000000000000000000000000000000000000000000000000000000000000000000000000000000000000000000000                                                                                                      000100
10213247845000128416070035008805076  45840                    0004584066                                   106220415PED78826600004584066          22041500000000657230410109008000000000000000000000000000000000000000000000000000000000000000000000000000000000000006572300000000000000000000000000   230415                                         16                                                  000101
10213247845000128416070035008805076  45845                    0004584554                                   102230415PED78826600004584554          29041500000000786800412907608000000000020000000000000000000000000000000000000000000000000000000000000000000000000000000000000000000000000000000000                                                                                                      000102
10213247845000128416070035008805076  45846                    0004584635                                   102230415PED78826600004584635          06051500000000786800412907608000000000020000000000000000000000000000000000000000000000000000000000000000000000000000000000000000000000000000000000                                                                                                      000103
10213247845000128416070035008805998                           0004585542                                   106220415          0004585542          21041500000000400000416973600000000000020000000000000000000000000000000000000000000000000000000000000000000000000004000000000000000000000000000000   230415                                         11                                                  000104
10213247845000128416070035008805076  45859                    0004585968                                   106220415PED40626610004585968          22041500000000707463414135108000000000000000000000000000000000000000000000000000000000000000000000000000000000000007074600000000000000000000000000   230415                                         17                                                  000105
10213247845000128416070035008815055  45860                    0004586042          2014041630105001000014   306220415PED021451/0004586042          22041500000000175861044135108000000000000000000000000000000000000000000000000000000000000000000000000000000000000001758600000000000000000000000000   230415                                         15                                                  000106
10213247845000128416070035008805076  45861                    0004586123                                   132230415PED78826610004586123          06051500000000297200414168801000000000000000000000000000000000000000000000000000000000000000000000000000000000000002972000000000000000000000000000   230415                                          1                                                  000107
10213247845000128416070035008805076  45867                    0004586794                                   132230415PED37526610004586794          13051500000000256020414168801000000000000000000000000000000000000000000000000000000000000000000000000000000000000002560200000000000000000000000000   230415                                          1                                                  000108
10213247845000128416070035008805076  45869                    0004586956                                   106220415PED36726610004586956          22041500000000213807484135108000000000000000000000000000000000000000000000000000000000000000000000000000000000000002138000000000000000000000000000   230415                                         11                                                  000109
10213247845000128416070035008815055  45870                    0004587030          2014041630105001000003   306220415PED40626610004587030          22041500000000112210410109008000000000000000000000000000000000000000000000000000000000000000000000000000000000000001122100000000000000000000000000   230415                                         16                                                  000110
10213247845000128416070035008805076  45871                    0004587111                                   132230415PED40626610004587111          06051500000000312100414168801000000000000000000000000000000000000000000000000000000000000000000000000000000000000003121000000000000000000000000000   230415                                          1                                                  000111
10213247845000128416070035008805076  45887                    0004588770                                   106220415PED78826610004588770          23041500000000558501044135108000000000000000000000000000000000000000000000000000000000000000000000000000000000000005585000000000000000000000000000   230415                                         15                                                  000112
10213247845000128416070035008805076  45890                    0004589017                                   132230415PED78826600004589017          30041500000000318610414168801000000000000000000000000000000000000000000000000000000000000000000000000000000000000003186100000000000000000000000000   230415                                          1                                                  000113
10213247845000128416070035008805076  45898                    0004589858                                   132230415PED40626620004589858          30041500000000294140414168801000000000000000000000000000000000000000000000000000000000000000000000000000000000000002941400000000000000000000000000   230415                                          1                                                  000114
10213247845000128416070035008805076  45912                    0004591232                                   132230415PED10222660004591232          30041500000000271440414168801000000000000000000000000000000000000000000000000000000000000000000000000000000000000002714400000000000000000000000000   230415                                          1                                                  000115
10213247845000128416070035008805076  45914                    0004591496                                   106220415PED34426610004591496          21041500000000722910415165908000000000000000000000000000000000000000000000000000000000000000000000000000000000000007229100000000000000000000000000   230415                                         11                                                  000116
10213247845000128416070035008805076  45916                    0004591658                                   106220415PED40626620004591658          22041500000000200001044135108000000000000000000000000000000000000000000000000000000000000000000000000000000000000002000000000000000000000000000000   230415                                         13                                                  000117
10213247845000128416070035008805076  45919                    0004591984                                   132230415PED10192660004591984          30041500000000114080414168801000000000000000000000000000000000000000000000000000000000000000000000000000000000000001140800000000000000000000000000   230415                                          1                                                  000118
10213247845000128416070035008805076  45920                    0004592069                                   132230415PED021468/0004592069          07051500000000176720414168801000000000000000000000000000000000000000000000000000000000000000000000000000000000000001767200000000000000000000000000   230415                                          1                                                  000119
10213247845000128416070035008805076  45923                    0004592301                                   132230415PED34426620004592301          07051500000000297730414168801000000000000000000000000000000000000000000000000000000000000000000000000000000000000002977300000000000000000000000000   230415                                          1                                                  000120
10213247845000128416070035008805076  45931                    0004593138                                   132230415PED10192660004593138          07051500000000138850414168801000000000000000000000000000000000000000000000000000000000000000000000000000000000000001388500000000000000000000000000   230415                                          1                                                  000121
10213247845000128416070035008805076  45942                    0004594207                                   132230415PED10192660004594207          01051500000000228390414168801000000000000000000000000000000000000000000000000000000000000000000000000000000000000002283900000000000000000000000000   230415                                          1                                                  000122
10213247845000128416070035008805076  45945                    0004594533                                   106220415PED37526620004594533          23041500000000137001044135108000000000000000000000000000000000000000000000000000000000000000000000000000000000000001370000000000000000000000000000   230415                                         15                                                  000123
10213247845000128416070035008805076  45951                    0004595114                                   132230415PED78826630004595114          01051500000000316550414168801000000000000000000000000000000000000000000000000000000000000000000000000000000000000003165500000000000000000000000000   230415                                          1                                                  000124
10213247845000128416070035008805076  45960                    0004596021                                   102230415PED10192660004596021          17041500000000127660414168808000000000020000000000000000000000000000000000000000000000000000000000000000000000000000000000000000000000000000000000                                                                                                      000125
10213247845000128416070035008805076  45968                    0004596854                                   132230415PED37526630004596854          18051500000000145470414168801000000000000000000000000000000000000000000000000000000000000000000000000000000000000001454700000000000000000000000000   230415                                          1                                                  000126
10213247845000128416070035008805076  45969                    0004596935                                   132230415PED021532/0004596935          27041500000000240600414168801000000000000000000000000000000000000000000000000000000000000000000000000000000000000002406000000000000000000000000000   230415                                          1                                                  000127
10213247845000128416070035008805076  45970                    0004597028                                   132230415PED40626660004597028          11051500000000131310414168801000000000000000000000000000000000000000000000000000000000000000000000000000000000000001313100000000000000000000000000   230415                                          1                                                  000128
10213247845000128416070035008805076  45972                    0004597273                                   132230415PED34426660004597273          04051500000000259810414168801000000000000000000000000000000000000000000000000000000000000000000000000000000000000002598100000000000000000000000000   230415                                          1                                                  000129
10213247845000128416070035008805076  45975                    0004597508                                   132230415PED40626660004597508          11051500000000131130414168801000000000000000000000000000000000000000000000000000000000000000000000000000000000000001311300000000000000000000000000   230415                                          1                                                  000130
10213247845000128416070035008805076  45976                    0004597680                                   132230415PED36726660004597680          27041500000000284180414168801000000000000000000000000000000000000000000000000000000000000000000000000000000000000002841800000000000000000000000000   230415                                          1                                                  000131
10213247845000128416070035008805076  45980                    0004598008                                   132230415PED021540/0004598008          18051500000000019980414168801000000000000000000000000000000000000000000000000000000000000000000000000000000000000000199800000000000000000000000000   230415                                          1                                                  000132
10213247845000128416070035008805076  45984                    0004598423                                   132230415PED40626660004598423          11051500000000304600414168801000000000000000000000000000000000000000000000000000000000000000000000000000000000000003046000000000000000000000000000   230415                                          1                                                  000133
10213247845000128416070035008805076  45985                    0004598598                                   132230415PED021541/0004598598          27041500000000208930414168801000000000000000000000000000000000000000000000000000000000000000000000000000000000000002089300000000000000000000000000   230415                                          1                                                  000134
10213247845000128416070035008805076  45986                    0004598679                                   132230415PED78826660004598679          11051500000000296120414168801000000000000000000000000000000000000000000000000000000000000000000000000000000000000002961200000000000000000000000000   230415                                          1                                                  000135
10213247845000128416070035008805076  45990                    0004599098                                   132230415PED40626660004599098          04051500000000202950414168801000000000000000000000000000000000000000000000000000000000000000000000000000000000000002029500000000000000000000000000   230415                                          1                                                  000136
10213247845000128416070035008805076  45991                    0004599179                                   132230415PED40626660004599179          11051500000000107060414168801000000000000000000000000000000000000000000000000000000000000000000000000000000000000001070600000000000000000000000000   230415                                          1                                                  000137
10213247845000128416070035008805076  45996                    0004599667                                   132230415PED40626660004599667          18051500000000239280414168801000000000000000000000000000000000000000000000000000000000000000000000000000000000000002392800000000000000000000000000   230415                                          1                                                  000138
10213247845000128416070035008805076  46001                    0004600142                                   132230415PED40626660004600142          04051500000000283260414168801000000000000000000000000000000000000000000000000000000000000000000000000000000000000002832600000000000000000000000000   230415                                          1                                                  000139
10213247845000128416070035008805076  46002                    0004600223                                   132230415PED78826660004600223          27041500000000118460414168801000000000000000000000000000000000000000000000000000000000000000000000000000000000000001184600000000000000000000000000   230415                                          1                                                  000140
10213247845000128416070035008805076  46003                    0004600304                                   132230415PED78826660004600304          26041500000000226940414168801000000000000000000000000000000000000000000000000000000000000000000000000000000000000002269400000000000000000000000000   230415                                          1                                                  000141
10213247845000128416070035008805076  46012                    0004601211                                   132230415PED021556/0004601211          11051500000000121700414168801000000000000000000000000000000000000000000000000000000000000000000000000000000000000001217000000000000000000000000000   230415                                          1                                                  000142
10213247845000128416070035008805076  46015                    0004601548                                   102230415PED10192660004601548          07051500000000074750416973608000000000020000000000000000000000000000000000000000000000000000000000000000000000000000000000000000000000000000000000                                                                                                      000143
10213247845000128416070035008805076  46016                    0004601629                                   102230415PED10192660004601629          04051500000000107700416973608000000000020000000000000000000000000000000000000000000000000000000000000000000000000000000000000000000000000000000000                                                                                                      000144
10213247845000128416070035008805076  46017                    0004601718                                   132230415PED34426660004601718          27041500000000211230414168801000000000000000000000000000000000000000000000000000000000000000000000000000000000000002112300000000000000000000000000   230415                                          1                                                  000145
10213247845000128416070035008805076  46018                    0004601882                                   102230415PED10192660004601882          11051500000000157800416973608000000000020000000000000000000000000000000000000000000000000000000000000000000000000000000000000000000000000000000000                                                                                                      000146
10213247845000128416070035008805076  46019                    0004601963                                   132230415PED34426660004601963          04051500000000141940414168801000000000000000000000000000000000000000000000000000000000000000000000000000000000000001419400000000000000000000000000   230415                                          1                                                  000147
10213247845000128416070035008805076  46020                    0004602048                                   102230415PED021539/0004602048          27041500000000819670417914608000000000020000000000000000000000000000000000000000000000000000000000000000000000000000000000000000000000000000000000                                                                                                      000148
10213247845000128416070035008805076  46021                    0004602129                                   132230415PED34426660004602129          27041500000000263240414168801000000000000000000000000000000000000000000000000000000000000000000000000000000000000002632400000000000000000000000000   230415                                          1                                                  000149
10213247845000128416070035008805076  46023                    0004602382                                   102230415PED10192660004602382          27041500000000309050419480308000000000020000000000000000000000000000000000000000000000000000000000000000000000000000000000000000000000000000000000                                                                                                      000150
10213247845000128416070035008805076  46024                    0004602463                                   132230415PED37526660004602463          04051500000000247980414168801000000000000000000000000000000000000000000000000000000000000000000000000000000000000002479800000000000000000000000000   230415                                          1                                                  000151
10213247845000128416070035008805076  46025                    0004602536                                   132230415PED10212660004602536          27041500000000145920414168801000000000000000000000000000000000000000000000000000000000000000000000000000000000000001459200000000000000000000000000   230415                                          1                                                  000152
10213247845000128416070035008805076  46026                    0004602617                                   102230415PED10192660004602617          11051500000000141840416973608000000000020000000000000000000000000000000000000000000000000000000000000000000000000000000000000000000000000000000000                                                                                                      000153
10213247845000128416070035008805076  46027                    0004602706                                   102230415PED021552/0004602706          04051500000000539490417914608000000000020000000000000000000000000000000000000000000000000000000000000000000000000000000000000000000000000000000000                                                                                                      000154
10213247845000128416070035008805076  46028                    0004602870                                   102230415PED10192660004602870          05051500000001057990416973608000000000020000000000000000000000000000000000000000000000000000000000000000000000000000000000000000000000000000000000                                                                                                      000155
10213247845000128416070035008805076  46030                    0004603036                                   132230415PED10212660004603036          11051500000000203890414168801000000000000000000000000000000000000000000000000000000000000000000000000000000000000002038900000000000000000000000000   230415                                          1                                                  000156
10213247845000128416070035008805076  46032                    0004603206                                   132230415PED37526660004603206          28041500000000238570414168801000000000000000000000000000000000000000000000000000000000000000000000000000000000000002385700000000000000000000000000   230415                                          1                                                  000157
10213247845000128416070035008805076  46033                    0004603370                                   102230415PED40626660004603370          05051500000002712070419407208000000000020000000000000000000000000000000000000000000000000000000000000000000000000000000000000000000000000000000000                                                                                                      000158
10213247845000128416070035008805076  46034                    0004603451                                   102230415PED10222660004603451          05051500000000184810415496808000000000020000000000000000000000000000000000000000000000000000000000000000000000000000000000000000000000000000000000                                                                                                      000159
10213247845000128416070035008805076  46035                    0004603524                                   102230415PED021561/0004603524          04051500000000146200414168808000000000020000000000000000000000000000000000000000000000000000000000000000000000000000000000000000000000000000000000                                                                                                      000160
10213247845000128416070035008805076  46037                    0004603788                                   102230415PED78826660004603788          05051500000000146960411636508000000000020000000000000000000000000000000000000000000000000000000000000000000000000000000000000000000000000000000000                                                                                                      000161
10213247845000128416070035008805076  46038                    0004603869                                   102230415PED37526660004603869          12051500000000558700411636508000000000020000000000000000000000000000000000000000000000000000000000000000000000000000000000000000000000000000000000                                                                                                      000162
10213247845000128416070035008805076  46041                    0004604105                                   102230415PED78826670004604105          19051500000000483290411636508000000000020000000000000000000000000000000000000000000000000000000000000000000000000000000000000000000000000000000000                                                                                                      000163
10213247845000128416070035008805076  46042                    0004604288                                   102230415PED78826670004604288          26041500000000565700411636508000000000020000000000000000000000000000000000000000000000000000000000000000000000000000000000000000000000000000000000                                                                                                      000164
10213247845000128416070035008805076  46043                    0004604369                                   102230415PED78826670004604369          19051500000000053750411636508000000000020000000000000000000000000000000000000000000000000000000000000000000000000000000000000000000000000000000000                                                                                                      000165
10213247845000128416070035008805076  46044                    0004604458                                   102230415PED10222660004604458          28041500000000114730412329908000000000020000000000000000000000000000000000000000000000000000000000000000000000000000000000000000000000000000000000                                                                                                      000166
10213247845000128416070035008805076  46045                    0004604512                                   102230415PED10222660004604512          28041500000000237510412329908000000000020000000000000000000000000000000000000000000000000000000000000000000000000000000000000000000000000000000000                                                                                                      000167
10213247845000128416070035008805076  46046                    0004604695                                   102230415PED10222660004604695          26041500000000305370411974708000000000020000000000000000000000000000000000000000000000000000000000000000000000000000000000000000000000000000000000                                                                                                      000168
10213247845000128416070035008805076  46047                    0004604776                                   102230415PED34426660004604776          05051500000000242740414168808000000000020000000000000000000000000000000000000000000000000000000000000000000000000000000000000000000000000000000000                                                                                                      000169
10213247845000128416070035008805076  46048                    0004604857                                   102230415PED78826660004604857          05051500000000104960412907608000000000020000000000000000000000000000000000000000000000000000000000000000000000000000000000000000000000000000000000                                                                                                      000170
10213247845000128416070035008805076  46049                    0004604938                                   102230415PED10192660004604938          12051500000000178900414168808000000000020000000000000000000000000000000000000000000000000000000000000000000000000000000000000000000000000000000000                                                                                                      000171
10213247845000128416070035008805076  46050                    0004605012                                   102230415PED37526660004605012          28041500000000466880411974708000000000020000000000000000000000000000000000000000000000000000000000000000000000000000000000000000000000000000000000                                                                                                      000172
10213247845000128416070035008805076  46052                    0004605276                                   102230415PED10222660004605276          05051500000000244080415496808000000000020000000000000000000000000000000000000000000000000000000000000000000000000000000000000000000000000000000000                                                                                                      000173
10213247845000128416070035008805076  46053                    0004605357                                   102230415PED10222660004605357          05051500000000143400415496808000000000020000000000000000000000000000000000000000000000000000000000000000000000000000000000000000000000000000000000                                                                                                      000174
10213247845000128416070035008805076  46054                    0004605438                                   102230415PED10212660004605438          28041500000000165990412907608000000000020000000000000000000000000000000000000000000000000000000000000000000000000000000000000000000000000000000000                                                                                                      000175
10213247845000128416070035008805076  46055                    0004605500                                   102230415PED34426660004605500          12051500000000437710411636508000000000020000000000000000000000000000000000000000000000000000000000000000000000000000000000000000000000000000000000                                                                                                      000176
10213247845000128416070035008805076  46056                    0004605683                                   102230415PED36726660004605683          12051500000000404840411636508000000000020000000000000000000000000000000000000000000000000000000000000000000000000000000000000000000000000000000000                                                                                                      000177
10213247845000128416070035008805076  46057                    0004605764                                   102230415PED36726660004605764          12051500000000404830411636508000000000020000000000000000000000000000000000000000000000000000000000000000000000000000000000000000000000000000000000                                                                                                      000178
10213247845000128416070035008805076  46058                    0004605845                                   102230415PED10212660004605845          05051500000000107000416106908000000000020000000000000000000000000000000000000000000000000000000000000000000000000000000000000000000000000000000000                                                                                                      000179
10213247845000128416070035008805076  46060                    0004606000                                   102230415PED10212660004606000          06051500000000253400414101708000000000020000000000000000000000000000000000000000000000000000000000000000000000000000000000000000000000000000000000                                                                                                      000180
10213247845000128416070035008805076  46061                    0004606183                                   102230415PED78826660004606183          06051500000000212720416106908000000000020000000000000000000000000000000000000000000000000000000000000000000000000000000000000000000000000000000000                                                                                                      000181
10213247845000128416070035008805076  46062                    0004606264                                   102230415PED34426670004606264          27041500000000105600411974708000000000020000000000000000000000000000000000000000000000000000000000000000000000000000000000000000000000000000000000                                                                                                      000182
10213247845000128416070035008805998                           0004606345                                   106220415          0004606345          06051500000000091342374135100000000000020000000000000000000000000000000000000000000000000000000000000000000000000000913400000000000000000000000000   230415                                         15                                                  000183
10213247845000128416070035008805076  46064                    0004606426                                   102230415PED10222660004606426          06051500000000179670415496808000000000020000000000000000000000000000000000000000000000000000000000000000000000000000000000000000000000000000000000                                                                                                      000184
10213247845000128416070035008805076  46066                    0004606671                                   102230415PED10222660004606671          13051500000000090480412329908000000000020000000000000000000000000000000000000000000000000000000000000000000000000000000000000000000000000000000000                                                                                                      000185
10213247845000128416070035008805076  46067                    0004606752                                   102230415PED10222660004606752          05051500000000159450412329908000000000020000000000000000000000000000000000000000000000000000000000000000000000000000000000000000000000000000000000                                                                                                      000186
10213247845000128416070035008805076  46068                    0004606833                                   102230415PED021581/0004606833          13051500000000196170414168808000000000020000000000000000000000000000000000000000000000000000000000000000000000000000000000000000000000000000000000                                                                                                      000187
10213247845000128416070035008805076  46069                    0004606914                                   102230415PED10192660004606914          06051500000000430780414168808000000000020000000000000000000000000000000000000000000000000000000000000000000000000000000000000000000000000000000000                                                                                                      000188
10213247845000128416070035008805076  46070                    0004607090                                   102230415PED10192660004607090          06051500000000333070414168808000000000020000000000000000000000000000000000000000000000000000000000000000000000000000000000000000000000000000000000                                                                                                      000189
10213247845000128416070035008805076  46071                    0004607171                                   102230415PED10192660004607171          06051500000000110700414168808000000000020000000000000000000000000000000000000000000000000000000000000000000000000000000000000000000000000000000000                                                                                                      000190
10213247845000128416070035008805076  46072                    0004607252                                   102230415PED36726670004607252          13051500000000656470417914608000000000020000000000000000000000000000000000000000000000000000000000000000000000000000000000000000000000000000000000                                                                                                      000191
10213247845000128416070035008805076  46073                    0004607333                                   102230415PED37526660004607333          04051500000000203400414168808000000000020000000000000000000000000000000000000000000000000000000000000000000000000000000000000000000000000000000000                                                                                                      000192
10213247845000128416070035008805076  46075                    0004607589                                   102230415PED34426680004607589          13051500000000091320414168808000000000020000000000000000000000000000000000000000000000000000000000000000000000000000000000000000000000000000000000                                                                                                      000193
10213247845000128416070035008805076  46076                    0004607678                                   102230415PED36726680004607678          06051500000000431360419407208000000000020000000000000000000000000000000000000000000000000000000000000000000000000000000000000000000000000000000000                                                                                                      000194
10213247845000128416070035008805076  46077                    0004607740                                   102230415PED10192660004607740          13051500000000185020414168808000000000020000000000000000000000000000000000000000000000000000000000000000000000000000000000000000000000000000000000                                                                                                      000195
10213247845000128416070035008805076  46078                    0004607821                                   102230415PED37526680004607821          13051500000000646400419407208000000000020000000000000000000000000000000000000000000000000000000000000000000000000000000000000000000000000000000000                                                                                                      000196
10213247845000128416070035008805076  46079                    0004607902                                   102230415PED10192660004607902          29041500000000311730414168808000000000020000000000000000000000000000000000000000000000000000000000000000000000000000000000000000000000000000000000                                                                                                      000197
10213247845000128416070035008805076  46080                    0004608089                                   102230415PED37526670004608089          06051500000000110100419407208000000000020000000000000000000000000000000000000000000000000000000000000000000000000000000000000000000000000000000000                                                                                                      000198
10213247845000128416070035008805076  46081                    0004608178                                   102230415PED37526660004608178          27041500000000113400417914608000000000020000000000000000000000000000000000000000000000000000000000000000000000000000000000000000000000000000000000                                                                                                      000199
10213247845000128416070035008805076  46083                    0004608321                                   102230415PED10192660004608321          06051500000000142600414168808000000000020000000000000000000000000000000000000000000000000000000000000000000000000000000000000000000000000000000000                                                                                                      000200
10213247845000128416070035008805076  46085                    0004608577                                   102230415PED78826670004608577          06051500000000127440414168808000000000020000000000000000000000000000000000000000000000000000000000000000000000000000000000000000000000000000000000                                                                                                      000201
10213247845000128416070035008805076  46086                    0004608658                                   102230415PED37526680004608658          06051500000000290140419407208000000000020000000000000000000000000000000000000000000000000000000000000000000000000000000000000000000000000000000000                                                                                                      000202
10213247845000128416070035008805076  46087                    0004608739                                   102230415PED78826670004608739          20051500000000150080414168808000000000020000000000000000000000000000000000000000000000000000000000000000000000000000000000000000000000000000000000                                                                                                      000203
10213247845000128416070035008805076  46088                    0004608828                                   102230415PED36726670004608828          06051500000000945390417914608000000000020000000000000000000000000000000000000000000000000000000000000000000000000000000000000000000000000000000000                                                                                                      000204
10213247845000128416070035008805076  46089                    0004608992                                   102230415PED40626670004608992          05051500000000616020414168808000000000020000000000000000000000000000000000000000000000000000000000000000000000000000000000000000000000000000000000                                                                                                      000205
10213247845000128416070035008805076  46090                    0004609077                                   102230415PED10192660004609077          29041500000000146860414168808000000000020000000000000000000000000000000000000000000000000000000000000000000000000000000000000000000000000000000000                                                                                                      000206
10213247845000128416070035008805076  46093                    0004609328                                   102230415PED34426670004609328          29041500000000229330411636508000000000020000000000000000000000000000000000000000000000000000000000000000000000000000000000000000000000000000000000                                                                                                      000207
10213247845000128416070035008805076  46094                    0004609492                                   102230415PED34426660004609492          27041500000000167350411636508000000000020000000000000000000000000000000000000000000000000000000000000000000000000000000000000000000000000000000000                                                                                                      000208
10213247845000128416070035008805076  46095                    0004609565                                   102230415PED37526680004609565          20051500000001056680411636508000000000020000000000000000000000000000000000000000000000000000000000000000000000000000000000000000000000000000000000                                                                                                      000209
10213247845000128416070035008805076  46096                    0004609646                                   102230415PED34426680004609646          13051500000000342040411636508000000000020000000000000000000000000000000000000000000000000000000000000000000000000000000000000000000000000000000000                                                                                                      000210
10213247845000128416070035008805076  46097                    0004609727                                   102230415PED37526680004609727          20051500000000338320411636508000000000020000000000000000000000000000000000000000000000000000000000000000000000000000000000000000000000000000000000                                                                                                      000211
10213247845000128416070035008805076  46098                    0004609808                                   102230415PED78826680004609808          20051500000000304410412907608000000000020000000000000000000000000000000000000000000000000000000000000000000000000000000000000000000000000000000000                                                                                                      000212
10213247845000128416070035008805076  46099                    0004609980                                   102230415PED78826670004609980          06051500000000304160412907608000000000020000000000000000000000000000000000000000000000000000000000000000000000000000000000000000000000000000000000                                                                                                      000213
10213247845000128416070035008805076  46100                    0004610040                                   102230415PED78826670004610040          06051500000000122380412907608000000000020000000000000000000000000000000000000000000000000000000000000000000000000000000000000000000000000000000000                                                                                                      000214
10213247845000128416070035008805076  46101                    0004610121                                   102230415PED78826670004610121          13051500000000303540412907608000000000020000000000000000000000000000000000000000000000000000000000000000000000000000000000000000000000000000000000                                                                                                      000215
10213247845000128416070035008805076  46103                    0004610385                                   102230415PED36726670004610385          06051500000000185310414168808000000000020000000000000000000000000000000000000000000000000000000000000000000000000000000000000000000000000000000000                                                                                                      000216
10213247845000128416070035008805076  46104                    0004610466                                   102230415PED10192660004610466          06051500000000458750414168808000000000020000000000000000000000000000000000000000000000000000000000000000000000000000000000000000000000000000000000                                                                                                      000217
10213247845000128416070035008805076  46105                    0004610539                                   102230415PED36726680004610539          28041500000000761010417914608000000000020000000000000000000000000000000000000000000000000000000000000000000000000000000000000000000000000000000000                                                                                                      000218
10213247845000128416070035008805076  46106                    0004610628                                   102230415PED36726680004610628          13051500000000809150416700808000000000020000000000000000000000000000000000000000000000000000000000000000000000000000000000000000000000000000000000                                                                                                      000219
10213247845000128416070035008805076  46107                    0004610792                                   102230415PED021593/0004610792          29041500000000228050414168808000000000020000000000000000000000000000000000000000000000000000000000000000000000000000000000000000000000000000000000                                                                                                      000220
10213247845000128416070035008805076  46115                    0004611527                                   102230415PED36726680004611527          29041500000000802290414168808000000000020000000000000000000000000000000000000000000000000000000000000000000000000000000000000000000000000000000000                                                                                                      000221
10213247845000128416070035008805076  46130                    0004613015                                   102230415PED40626680004613015          28041500000000139250414168808000000000020000000000000000000000000000000000000000000000000000000000000000000000000000000000000000000000000000000000                                                                                                      000222
9201041          000004890000001907842000000000 00000750000000027111760000088000000002968287                                                                                                                                                                                                                                                                                                              000223
