02RETORNO01COBRANCA       416070035008        DISTRIBUIDORA DE ALIMENTOS BIL041BANRISUL       08041501600BPI                                                                                                                                                                                                                                                                                              000001
10213247845000128416070035008805076  43679                    0004367901                                   110080415PED40626170004367901          23031500000001756990414168808000000000000000000000062400000000000000000000000000000000000000000000000000000000000016945900000000000000000000000000   080415                                          7                                                  000002
10213247845000128416070035008805998                           0004404467                                   11008041500044044670004404467          08041500000000349420414168800000000000000000000000032400000000000000000000000000000000000000000000000000000000000003170200000000000000000000000000   080415                                          7                                                  000003
10213247845000128416070035008805076  44052                    0004405293                                   106070415PED34426240004405293          07041500000000786310410109008000000000000000000000000000000000000000000000000000000000000000000000000000000000000007863100000000000000000000000000   080415                                         16                                                  000004
10213247845000128416070035008805076  44099                    0004409906                                   106070415PED40626250004409906          07041500000000634440334135108000000000000000000000000000000000000000000000000000000000000000000000000000000000000006344400000000000000000000000000   080415                                         13                                                  000005
10213247845000128416070035008815055  44334                    0004433416          2014041630105001000003   310080415PED40626280004433416          03041500000000271510414168808000000000000000000000000000000000000000000000000000000000000000000000000000000000000002715100000000000000000000000000   080415                                         1                                                   000006
10213247845000128416070035008815055  44342                    0004434242          2014041630105001000003   306070415PED36726270004434242          03041500000000313680413087208000000000000000000000000000000000000000000000000000000000000000000000000000000000000003136800000000003760000000000000   080415                                         11                                                  000007
10213247845000128416070035008815055  44351                    0004435168          2014041630105001000003   332080415PED10222620004435168          27031500000000288030414168801000000000000000000000000000000000000000000000000000000000000000000000000000000000000002880300000000000000000000000000   080415                                          1                                                  000008
10213247845000128416070035008815055  44420                    0004442083          2013041630105001000013   306070415PED36726310004442083          07041500000000392740410109008000000000000000000000000000000000000000000000000000000000000000000000000000000000000003927400000000000000000000000000   080415                                         16                                                  000009
10213247845000128416070035008815055  44421                    0004442164          2013041630105001000013   306070415PED36726310004442164          07041500000000392730410109008000000000000000000000000000000000000000000000000000000000000000000000000000000000000003927300000000000000000000000000   080415                                         16                                                  000010
10213247845000128416070035008805076  44436                    0004443640                                   106070415PED36726320004443640          07041500000000541031044135108000000000000000000000000000000000000000000000000000000000000000000000000000000000000005410300000000000000000000000000   080415                                         15                                                  000011
10213247845000128416070035008805076  44445                    0004444558                                   106070415PED40626310004444558          07041500000000495000414168808000000000000000000000000000000000000000000000000000000000000000000000000000000000000004950000000000000000000000000000   080415                                         11                                                  000012
10213247845000128416070035008805076  44455                    0004445546                                   115070415PED37526310004445546          24031500000000375800411974708000000000000000000000005700000000000000000000000000000000000000000000000000000000000003701000000000006780000000000000   080415                                         17                                                  000013
10213247845000128416070035008815055  44468                    0004446879          2014041630105001000003   306070415PED78826310004446879          07041500000000249981044135108000000000000000000000000000000000000000000000000000000000000000000000000000000000000002499800000000000000000000000000   080415                                         15                                                  000014
10213247845000128416070035008815055  44479                    0004447948          2014041630105001000003   306070415PED78826320004447948          07041500000000248340410109008000000000000000000000000000000000000000000000000000000000000000000000000000000000000002483400000000000000000000000000   080415                                         13                                                  000015
10213247845000128416070035008815055  44505                    0004450566          2014041630105001000003   306070415PED020854/0004450566          07041500000000131352374135108000000000000000000000000000000000000000000000000000000000000000000000000000000000000001313500000000000000000000000000   080415                                         15                                                  000016
10213247845000128416070035008815055  44649                    0004464923          2014041630105001000003   306070415PED10192630004464923          07041500000000138000410109008000000000000000000000000000000000000000000000000000000000000000000000000000000000000001380000000000000000000000000000   080415                                         16                                                  000017
10213247845000128416070035008815055  44656                    0004465679          2014041630105001000003   310080415PED40626340004465679          02041500000000357980414168808000000000114000000000000000000000000000000000000000000000000000000000000000000000000003579800000000000000000000000000   080415                                         1                                                   000018
10213247845000128416070035008805076  44699                    0004469976                                   110080415PED78826330004469976          23031500000001336590416106908000000000000000000000067540000000000000000000000000000000000000000000000000000000000012690500000000000000000000000000   080415                                          7                                                  000019
10213247845000128416070035008815055  44773                    0004477308          2013041630105001000013   306070415PED37526380004477308          07041500000000130323414135108000000000000000000000000000000000000000000000000000000000000000000000000000000000000001303200000000000000000000000000   080415                                         11                                                  000020
10213247845000128416070035008815055  44779                    0004477979          2013041630105001000013   306070415PED10192630004477979          07041500000000193037564135108000000000000000000000000000000000000000000000000000000000000000000000000000000000000001930300000000000000000000000000   080415                                         11                                                  000021
10213247845000128416070035008815055  44784                    0004478479          2013041630105001000013   306070415PED10192630004478479          07041500000000072257564135108000000000000000000000000000000000000000000000000000000000000000000000000000000000000000722500000000000000000000000000   080415                                         13                                                  000022
10213247845000128416070035008805076  44786                    0004478622                                   106070415PED10192630004478622          06041500000000648562374135108000000000000000000000000000000000000000000000000000000000000000000000000000000000000006485600000000001950000000000000   080415                                         15                                                  000023
10213247845000128416070035008805076  44815                    0004481593                                   106070415PED40626390004481593          07041500000000423600334135108000000000000000000000000000000000000000000000000000000000000000000000000000000000000004236000000000000000000000000000   080415                                         11                                                  000024
10213247845000128416070035008815055  44823                    0004482336          2014041630105001000005   306070415PED10222630004482336          07041500000000135727484135108000000000000000000000000000000000000000000000000000000000000000000000000000000000000001357200000000000000000000000000   080415                                         15                                                  000025
10213247845000128416070035008815055  44824                    0004482417          2014041630105001000003   306070415PED10222630004482417          07041500000000220760410109008000000000000000000000000000000000000000000000000000000000000000000000000000000000000002207600000000000000000000000000   080415                                         16                                                  000026
10213247845000128416070035008815055  44826                    0004482662          2013041630105001000013   306070415PED78826380004482662          07041500000000204436344135108000000000000000000000000000000000000000000000000000000000000000000000000000000000000002044300000000000000000000000000   080415                                         15                                                  000027
10213247845000128416070035008805076  44832                    0004483243                                   106070415PED78826390004483243          07041500000001805653414135108000000000000000000000000000000000000000000000000000000000000000000000000000000000000018056500000000000000000000000000   080415                                         17                                                  000028
10213247845000128416070035008815055  44837                    0004483731          2014041630105001000005   306070415PED10212630004483731          07041500000000107360014135108000000000000000000000000000000000000000000000000000000000000000000000000000000000000001073600000000000000000000000000   080415                                         13                                                  000029
10213247845000128416070035008805076  44838                    0004483812                                   106070415PED10212630004483812          07041500000000588000410109008000000000000000000000000000000000000000000000000000000000000000000000000000000000000005880000000000000000000000000000   080415                                         13                                                  000030
10213247845000128416070035008815055  44859                    0004485971          2014041630105001000014   306070415PED37526390004485971          08041500000000308220410109008000000000000000000000000000000000000000000000000000000000000000000000000000000000000003082200000000000000000000000000   080415                                         16                                                  000031
10213247845000128416070035008815055  44862                    0004486218          2014041630105001000003   306070415PED36726390004486218          07041500000000386930410109008000000000000000000000000000000000000000000000000000000000000000000000000000000000000003869300000000000000000000000000   080415                                         11                                                  000032
10213247845000128416070035008815055  44880                    0004488032          2013041630105001000013   306070415PED10192630004488032          07041500000000213420410109008000000000000000000000000000000000000000000000000000000000000000000000000000000000000002134200000000000000000000000000   080415                                         16                                                  000033
10213247845000128416070035008815055  45104                    0004510488          2014041630105001000005   306070415PED37526450004510488          07041500000000142230410109008000000000000000000000000000000000000000000000000000000000000000000000000000000000000001422300000000000000000000000000   080415                                         11                                                  000034
10213247845000128416070035008815055  45129                    0004512944          2014041630105001000005   306070415PED10192640004512944          07041500000000153802374135108000000000000000000000000000000000000000000000000000000000000000000000000000000000000001538000000000000000000000000000   080415                                         15                                                  000035
10213247845000128416070035008805076  45130                    0004513029                                   123080415PED10192640004513029          03041500000000217400419407208000000000000000000000000000000000000000000000000000000000000000000000000000000000000000000000000000000000000000000000                                                                                                      000036
10213247845000128416070035008805076  45141                    0004514106                                   132080415PED37526450004514106          21041500000000468300414168801000000000000000000000000000000000000000000000000000000000000000000000000000000000000004683000000000000000000000000000   080415                                          1                                                  000037
10213247845000128416070035008805076  45144                    0004514432                                   106070415PED34426460004514432          07041500000000453901044135108000000000000000000000000000000000000000000000000000000000000000000000000000000000000004539000000000000000000000000000   080415                                         15                                                  000038
10213247845000128416070035008805998                           0004516176                                   106070415          0004516176          07041500000000100660014135100000000000020000000000000000000000000000000000000000000000000000000000000000000000000001006600000000000000000000000000   080415                                         12                                                  000039
10213247845000128416070035008805998                           0004520785                                   106070415          0004520785          07041500000000102502374135100000000000020000000000000000000000000000000000000000000000000000000000000000000000000001025000000000000000000000000000   080415                                         15                                                  000040
10213247845000128416070035008805998                           0004522680                                   106070415          0004522680          08041500000000292382374135100000000000020000000000000000000000000000000000000000000000000000000000000000000000000002923800000000000000000000000000   080415                                         11                                                  000041
10213247845000128416070035008805998                           0004524918                                   106070415          0004524918          08041500000000351721044135100000000000020000000000000000000000000000000000000000000000000000000000000000000000000003517200000000000000000000000000   080415                                         15                                                  000042
10213247845000128416070035008805076  45254                    0004525418                                   106070415PED10222640004525418          08041500000000271840410109008000000000000000000000000000000000000000000000000000000000000000000000000000000000000002718400000000000000000000000000   080415                                         13                                                  000043
10213247845000128416070035008805076  45326                    0004532678                                   132080415PED40626480004532678          23041500000000187730414168801000000000000000000000000000000000000000000000000000000000000000000000000000000000000001877300000000000000000000000000   080415                                          1                                                  000044
10213247845000128416070035008805076  45329                    0004532902                                   132080415PED021223/0004532902          27041500000000135630414168801000000000000000000000000000000000000000000000000000000000000000000000000000000000000001356300000000000000000000000000   080415                                          1                                                  000045
10213247845000128416070035008805076  45330                    0004533089                                   102080415PED021229/0004533089          20041500000000104170414168808000000000020000000000000000000000000000000000000000000000000000000000000000000000000000000000000000000000000000000000                                                                                                      000046
10213247845000128416070035008805076  45331                    0004533178                                   102080415PED021234/0004533178          04051500000000378840414168808000000000020000000000000000000000000000000000000000000000000000000000000000000000000000000000000000000000000000000000                                                                                                      000047
10213247845000128416070035008805076  45333                    0004533321                                   102080415PED10192650004533321          13041500000000352000414168808000000000020000000000000000000000000000000000000000000000000000000000000000000000000000000000000000000000000000000000                                                                                                      000048
10213247845000128416070035008805076  45335                    0004533577                                   132080415PED34426520004533577          04051500000000459560414168801000000000000000000000000000000000000000000000000000000000000000000000000000000000000004595600000000000000000000000000   080415                                          1                                                  000049
10213247845000128416070035008805076  45338                    0004533828                                   132080415PED36726520004533828          27041500000000326020414168801000000000000000000000000000000000000000000000000000000000000000000000000000000000000003260200000000000000000000000000   080415                                          1                                                  000050
10213247845000128416070035008805076  45340                    0004534077                                   132080415PED78826520004534077          13041500000000255810414168801000000000000000000000000000000000000000000000000000000000000000000000000000000000000002558100000000000000000000000000   080415                                          1                                                  000051
10213247845000128416070035008805076  45341                    0004534158                                   132080415PED78826520004534158          04051500000000437310414168801000000000000000000000000000000000000000000000000000000000000000000000000000000000000004373100000000000000000000000000   080415                                          1                                                  000052
10213247845000128416070035008805076  45343                    0004534328                                   132080415PED10212650004534328          13041500000000103480414168801000000000000000000000000000000000000000000000000000000000000000000000000000000000000001034800000000000000000000000000   080415                                          1                                                  000053
10213247845000128416070035008805076  45345                    0004534565                                   132080415PED10212650004534565          27041500000000386480414168801000000000000000000000000000000000000000000000000000000000000000000000000000000000000003864800000000000000000000000000   080415                                          1                                                  000054
10213247845000128416070035008805076  45348                    0004534808                                   132080415PED36726520004534808          27041500000000411530414168801000000000000000000000000000000000000000000000000000000000000000000000000000000000000004115300000000000000000000000000   080415                                          1                                                  000055
10213247845000128416070035008805076  45349                    0004534980                                   132080415PED36726520004534980          27041500000000295620414168801000000000000000000000000000000000000000000000000000000000000000000000000000000000000002956200000000000000000000000000   080415                                          1                                                  000056
10213247845000128416070035008805076  45350                    0004535065                                   132080415PED40626520004535065          27041500000000071950414168801000000000000000000000000000000000000000000000000000000000000000000000000000000000000000719500000000000000000000000000   080415                                          1                                                  000057
10213247845000128416070035008805076  45353                    0004535308                                   132080415PED40626520004535308          20041500000000270110414168801000000000000000000000000000000000000000000000000000000000000000000000000000000000000002701100000000000000000000000000   080415                                          1                                                  000058
10213247845000128416070035008805076  45354                    0004535480                                   102080415PED021242/0004535480          16041500000000214230414168808000000000020000000000000000000000000000000000000000000000000000000000000000000000000000000000000000000000000000000000                                                                                                      000059
10213247845000128416070035008805076  45355                    0004535553                                   102080415PED34426520004535553          04051500000000369870414168808000000000020000000000000000000000000000000000000000000000000000000000000000000000000000000000000000000000000000000000                                                                                                      000060
10213247845000128416070035008805076  45358                    0004535898                                   102080415PED36726520004535898          13041500000000194930414168808000000000020000000000000000000000000000000000000000000000000000000000000000000000000000000000000000000000000000000000                                                                                                      000061
10213247845000128416070035008805076  45360                    0004536053                                   102080415PED37526520004536053          13041500000000188100414168808000000000020000000000000000000000000000000000000000000000000000000000000000000000000000000000000000000000000000000000                                                                                                      000062
10213247845000128416070035008805076  45361                    0004536134                                   102080415PED34426520004536134          20041500000000231980414168808000000000020000000000000000000000000000000000000000000000000000000000000000000000000000000000000000000000000000000000                                                                                                      000063
10213247845000128416070035008805076  45362                    0004536215                                   102080415PED34426520004536215          13041500000000171340414168808000000000020000000000000000000000000000000000000000000000000000000000000000000000000000000000000000000000000000000000                                                                                                      000064
10213247845000128416070035008805076  45363                    0004536398                                   102080415PED40626520004536398          27041500000000709700419480308000000000020000000000000000000000000000000000000000000000000000000000000000000000000000000000000000000000000000000000                                                                                                      000065
10213247845000128416070035008805076  45364                    0004536479                                   102080415PED021221/0004536479          27041500000000160380414168808000000000020000000000000000000000000000000000000000000000000000000000000000000000000000000000000000000000000000000000                                                                                                      000066
10213247845000128416070035008805076  45365                    0004536541                                   132080415PED021243/0004536541          13041500000000214090414168801000000000000000000000000000000000000000000000000000000000000000000000000000000000000002140900000000000000000000000000   080415                                          1                                                  000067
10213247845000128416070035008805076  45367                    0004536703                                   102080415PED34426520004536703          13041500000000360360414168808000000000020000000000000000000000000000000000000000000000000000000000000000000000000000000000000000000000000000000000                                                                                                      000068
10213247845000128416070035008805076  45368                    0004536886                                   102080415PED34426520004536886          04051500000000087110414168808000000000020000000000000000000000000000000000000000000000000000000000000000000000000000000000000000000000000000000000                                                                                                      000069
10213247845000128416070035008805076  45369                    0004536967                                   102080415PED37526520004536967          20041500000000107420419407208000000000020000000000000000000000000000000000000000000000000000000000000000000000000000000000000000000000000000000000                                                                                                      000070
10213247845000128416070035008805076  45370                    0004537041                                   102080415PED40626520004537041          27041500000000356040414168808000000000020000000000000000000000000000000000000000000000000000000000000000000000000000000000000000000000000000000000                                                                                                      000071
10213247845000128416070035008805076  45372                    0004537203                                   102080415PED40626520004537203          20041500000000299100414168808000000000020000000000000000000000000000000000000000000000000000000000000000000000000000000000000000000000000000000000                                                                                                      000072
10213247845000128416070035008805076  45381                    0004538110                                   102080415PED40626520004538110          28041500000000485460414168808000000000020000000000000000000000000000000000000000000000000000000000000000000000000000000000000000000000000000000000                                                                                                      000073
10213247845000128416070035008805076  45382                    0004538293                                   102080415PED40626520004538293          21041500000001440190414168808000000000020000000000000000000000000000000000000000000000000000000000000000000000000000000000000000000000000000000000                                                                                                      000074
10213247845000128416070035008805076  45383                    0004538374                                   102080415PED34426520004538374          04051500000000476450414168808000000000020000000000000000000000000000000000000000000000000000000000000000000000000000000000000000000000000000000000                                                                                                      000075
10213247845000128416070035008805076  45384                    0004538455                                   102080415PED40626520004538455          28041500000000636670414168808000000000020000000000000000000000000000000000000000000000000000000000000000000000000000000000000000000000000000000000                                                                                                      000076
10213247845000128416070035008805076  45385                    0004538528                                   102080415PED40626520004538528          05051500000000636670414168808000000000020000000000000000000000000000000000000000000000000000000000000000000000000000000000000000000000000000000000                                                                                                      000077
10213247845000128416070035008805076  45390                    0004539028                                   102080415PED34426530004539028          14041500000000542820412907608000000000020000000000000000000000000000000000000000000000000000000000000000000000000000000000000000000000000000000000                                                                                                      000078
10213247845000128416070035008805076  45392                    0004539281                                   102080415PED37526530004539281          14041500000000100660412907608000000000020000000000000000000000000000000000000000000000000000000000000000000000000000000000000000000000000000000000                                                                                                      000079
10213247845000128416070035008805076  45394                    0004539443                                   102080415PED34426520004539443          12041500000000189960411636508000000000020000000000000000000000000000000000000000000000000000000000000000000000000000000000000000000000000000000000                                                                                                      000080
10213247845000128416070035008805076  45395                    0004539516                                   102080415PED021260/0004539516          21041500000000567220417914608000000000020000000000000000000000000000000000000000000000000000000000000000000000000000000000000000000000000000000000                                                                                                      000081
10213247845000128416070035008805076  45405                    0004540581                                   102080415PED36726530004540581          10041500000000197490411636508000000000020000000000000000000000000000000000000000000000000000000000000000000000000000000000000000000000000000000000                                                                                                      000082
10213247845000128416070035008805076  45407                    0004540743                                   102080415PED78826530004540743          12041500000000382590411636508000000000020000000000000000000000000000000000000000000000000000000000000000000000000000000000000000000000000000000000                                                                                                      000083
10213247845000128416070035008805076  45409                    0004540905                                   102080415PED36726520004540905          28041500000000694890411636508000000000020000000000000000000000000000000000000000000000000000000000000000000000000000000000000000000000000000000000                                                                                                      000084
10213247845000128416070035008805076  45410                    0004541081                                   102080415PED36726530004541081          28041500000000184500414168808000000000020000000000000000000000000000000000000000000000000000000000000000000000000000000000000000000000000000000000                                                                                                      000085
10213247845000128416070035008805076  45414                    0004541405                                   102080415PED40626530004541405          14041500000002365170419407208000000000020000000000000000000000000000000000000000000000000000000000000000000000000000000000000000000000000000000000                                                                                                      000086
10213247845000128416070035008805076  45422                    0004542231                                   102080415PED021271/0004542231          21041500000000249180414168808000000000020000000000000000000000000000000000000000000000000000000000000000000000000000000000000000000000000000000000                                                                                                      000087
10213247845000128416070035008805076  45443                    0004544390                                   102080415PED10192650004544390          14041500000000165680414168808000000000020000000000000000000000000000000000000000000000000000000000000000000000000000000000000000000000000000000000                                                                                                      000088
9201041          000003430000001457394300000000 00000320000000013601170000034000000001200668                                                                                                                                                                                                                                                                                                              000089
