02RETORNO01COBRANCA       416070035008        DISTRIBUIDORA DE ALIMENTOS BIL041BANRISUL       07041501600BPI                                                                                                                                                                                                                                                                                              000001
10213247845000128416070035008815055  43859                    0004385985          2014041630105001000014   332070415PED10192610004385985          25031500000000103140414168801000000000000000000000000000000000000000000000000000000000000000000000000000000000000001031400000000000000000000000000   070415                                          1                                                  000002
10213247845000128416070035008815055  43960                    0004396049          2014041630105001000005   306060415PED37526200004396049          03041500000000230630410109008000000000000000000000000000000000000000000000000000000000000000000000000000000000000002306300000000000000000000000000   070415                                         17                                                  000003
10213247845000128416070035008815055  43963                    0004396383          2014041630105001000003   306060415PED78826210004396383          03041500000000184530334135108000000000000000000000000000000000000000000000000000000000000000000000000000000000000001845300000000000000000000000000   070415                                         17                                                  000004
10213247845000128416070035008805076  43992                    0004399277                                   106060415PED37526210004399277          06041500000000722837484135108000000000000000000000000000000000000000000000000000000000000000000000000000000000000007228300000000000000000000000000   070415                                         11                                                  000005
10213247845000128416070035008815055  44002                    0004400240          2014041630105001000003   306060415PED78826240004400240          06041500000000340020334135108000000000000000000000000000000000000000000000000000000000000000000000000000000000000003400200000000000000000000000000   070415                                         17                                                  000006
10213247845000128416070035008815055  44003                    0004400321          2014041630105001000003   306060415PED78826240004400321          06041500000000257200334135108000000000000000000000000000000000000000000000000000000000000000000000000000000000000002572000000000000000000000000000   070415                                         17                                                  000007
10213247845000128416070035008815055  44016                    0004401646          2014041630105001000014   306060415PED020665/0004401646          06041500000000308520334135108000000000000000000000000000000000000000000000000000000000000000000000000000000000000003085200000000000000000000000000   070415                                         17                                                  000008
10213247845000128416070035008815055  44036                    0004403622          2014041630105001000003   306060415PED34426240004403622          06041500000000152200410109008000000000000000000000000000000000000000000000000000000000000000000000000000000000000001522000000000000000000000000000   070415                                         16                                                  000009
10213247845000128416070035008805076  44047                    0004404793                                   106060415PED34426240004404793          06041500000000675531044135108000000000000000000000000000000000000000000000000000000000000000000000000000000000000006755300000000000000000000000000   070415                                         15                                                  000010
10213247845000128416070035008805076  44100                    0004410068                                   123070415PED40626240004410068          31031500000000821290414168808000000000000000000000000000000000000000000000000000000000000000000000000000000000000000000000000000000000000000000000                                                                                                      000011
10213247845000128416070035008815055  44172                    0004417259          2014041630105001000005   306060415PED34426260004417259          08041500000000124340410109008000000000000000000000000000000000000000000000000000000000000000000000000000000000000001243400000000000000000000000000   070415                                         16                                                  000012
10213247845000128416070035008815055  44177                    0004417747          2013041630105001000013   306060415PED40626240004417747          01041500000000304300410109008000000000000000000000000000000000000000000000000000000000000000000000000000000000000003043000000000004550000000000000   070415                                         13                                                  000013
10213247845000128416070035008815055  44180                    0004418085          2013041630105001000013   332070415PED34426250004418085          24031500000000105480414168801000000000000000000000000000000000000000000000000000000000000000000000000000000000000001054800000000000000000000000000   070415                                          1                                                  000014
10213247845000128416070035008815055  44185                    0004418573          2014041630105001000003   306060415PED36726250004418573          01041500000000291870417914608000000000000000000000000000000000000000000000000000000000000000000000000000000000000002918700000000004400000000000000   070415                                         11                                                  000015
10213247845000128416070035008815055  44202                    0004420209          2014041630105001000005   306060415PED37526260004420209          08041500000000205800014135108000000000000000000000000000000000000000000000000000000000000000000000000000000000000002058000000000000000000000000000   070415                                         11                                                  000016
10213247845000128416070035008805076  44212                    0004421299                                   106060415PED37526260004421299          08041500000000725673994135108000000000000000000000000000000000000000000000000000000000000000000000000000000000000007256700000000000000000000000000   070415                                         11                                                  000017
10213247845000128416070035008805076  44229                    0004422937                                   106060415PED78826260004422937          08041500000000704400419407208000000000000000000000000000000000000000000000000000000000000000000000000000000000000007044000000000000000000000000000   070415                                         11                                                  000018
10213247845000128416070035008805076  44239                    0004423925                                   106060415PED78826260004423925          01041500000000385500410109008000000000000000000000000000000000000000000000000000000000000000000000000000000000000003855000000000005800000000000000   070415                                         16                                                  000019
10213247845000128416070035008815055  44241                    0004424182          2013041630105001000013   332070415PED10192620004424182          25031500000000107370414168801000000000000000000000000000000000000000000000000000000000000000000000000000000000000001073700000000000000000000000000   070415                                          1                                                  000020
10213247845000128416070035008815055  44242                    0004424263          2014041630105001000005   306060415PED34426250004424263          02041500000000316230410109008000000000000000000000000000000000000000000000000000000000000000000000000000000000000003162300000000003800000000000000   070415                                         16                                                  000021
10213247845000128416070035008805076  44272                    0004427238                                   132070415PED78826270004427238          09041500000000422890414168801000000000000000000000000000000000000000000000000000000000000000000000000000000000000004228900000000000000000000000000   070415                                          1                                                  000022
10213247845000128416070035008815055  44296                    0004429621          2014041630105001000003   306060415PED78826260004429621          03041500000000406650410109008000000000000000000000000000000000000000000000000000000000000000000000000000000000000004066500000000000000000000000000   070415                                         16                                                  000023
10213247845000128416070035008805076  44297                    0004429702                                   106060415PED36726270004429702          03041500000000435531044135108000000000000000000000000000000000000000000000000000000000000000000000000000000000000004355300000000000000000000000000   070415                                         12                                                  000024
10213247845000128416070035008805076  44299                    0004429966                                   123070415PED40626270004429966          02041500000001119490414168808000000000000000000000000000000000000000000000000000000000000000000000000000000000000000000000000000000000000000000000                                                                                                      000025
10213247845000128416070035008815055  44323                    0004432347          2014041630105001000003   306060415PED78826280004432347          03041500000000240881044135108000000000000000000000000000000000000000000000000000000000000000000000000000000000000002408800000000000000000000000000   070415                                         15                                                  000026
10213247845000128416070035008815055  44353                    0004435311          2014041630105001000005   306060415PED36726280004435311          03041500000000161261044135108000000000000000000000000000000000000000000000000000000000000000000000000000000000000001612600000000000000000000000000   070415                                         15                                                  000027
10213247845000128416070035008805076  44355                    0004435567                                   106060415PED020777/0004435567          03041500000000680221044135108000000000000000000000000000000000000000000000000000000000000000000000000000000000000006802200000000000000000000000000   070415                                         15                                                  000028
10213247845000128416070035008815055  44361                    0004436148          2014041630105001000003   306060415PED37526280004436148          10041500000000398643994135108000000000000000000000000000000000000000000000000000000000000000000000000000000000000003986400000000000000000000000000   070415                                         11                                                  000029
10213247845000128416070035008815055  44367                    0004436717          2014041630105001000003   306060415PED020811/0004436717          06041500000000291851044135108000000000000000000000000000000000000000000000000000000000000000000000000000000000000002918500000000000000000000000000   070415                                         15                                                  000030
10213247845000128416070035008805076  44379                    0004437969                                   106060415PED78826310004437969          06041500000000645020410109008000000000000000000000000000000000000000000000000000000000000000000000000000000000000006450200000000000000000000000000   070415                                         16                                                  000031
10213247845000128416070035008815055  44387                    0004438795          2014041630105001000003   306060415PED36726310004438795          06041500000000291811044135108000000000000000000000000000000000000000000000000000000000000000000000000000000000000002918100000000000000000000000000   070415                                         12                                                  000032
10213247845000128416070035008815055  44389                    0004438957          2014041630105001000003   306060415PED020824/0004438957          06041500000000245400014135108000000000000000000000000000000000000000000000000000000000000000000000000000000000000002454000000000000000000000000000   070415                                         11                                                  000033
10213247845000128416070035008815055  44391                    0004439112          2014041630105001000005   306060415PED40626310004439112          06041500000000114700410109008000000000000000000000000000000000000000000000000000000000000000000000000000000000000001147000000000000000000000000000   070415                                         16                                                  000034
10213247845000128416070035008815055  44393                    0004439376          2014041630105001000003   306060415PED34426310004439376          06041500000000241470410109008000000000000000000000000000000000000000000000000000000000000000000000000000000000000002414700000000000000000000000000   070415                                         16                                                  000035
10213247845000128416070035008805076  44396                    0004439600                                   106060415PED37526310004439600          06041500000001000870410109008000000000000000000000000000000000000000000000000000000000000000000000000000000000000010008700000000000000000000000000   070415                                         16                                                  000036
10213247845000128416070035008805076  44397                    0004439783                                   106060415PED40626310004439783          06041500000000654000410109008000000000000000000000000000000000000000000000000000000000000000000000000000000000000006540000000000000000000000000000   070415                                         13                                                  000037
10213247845000128416070035008805076  44400                    0004440005                                   106060415PED37526310004440005          06041500000000880413414135108000000000000000000000000000000000000000000000000000000000000000000000000000000000000008804100000000000000000000000000   070415                                         11                                                  000038
10213247845000128416070035008815055  44403                    0004440358          2014041630105001000003   306060415PED34426310004440358          06041500000000281640410109008000000000000000000000000000000000000000000000000000000000000000000000000000000000000002816400000000000000000000000000   070415                                         16                                                  000039
10213247845000128416070035008815055  44405                    0004440595          2014041630105001000003   306060415PED40626310004440595          06041500000000189851044135108000000000000000000000000000000000000000000000000000000000000000000000000000000000000001898500000000000000000000000000   070415                                         15                                                  000040
10213247845000128416070035008805076  44411                    0004441176                                   132070415PED34426310004441176          13041500000000442940414168801000000000000000000000000000000000000000000000000000000000000000000000000000000000000004429400000000000000000000000000   070415                                          1                                                  000041
10213247845000128416070035008815055  44412                    0004441257          2014041630105001000014   306060415PED020828/0004441257          06041500000000083941044135108000000000000000000000000000000000000000000000000000000000000000000000000000000000000000839400000000000000000000000000   070415                                         15                                                  000042
10213247845000128416070035008805076  44428                    0004442814                                   123070415PED10192630004442814          31031500000000385730416973608000000000000000000000000000000000000000000000000000000000000000000000000000000000000000000000000000000000000000000000                                                                                                      000043
10213247845000128416070035008815055  44434                    0004443497          2014041630105001000014   332070415PED37526310004443497          23031500000000104460414168801000000000000000000000000000000000000000000000000000000000000000000000000000000000000001044600000000000000000000000000   070415                                          1                                                  000044
10213247845000128416070035008815055  44440                    0004444078          2014041630105001000003   306060415PED10192630004444078          06041500000000291577564135108000000000000000000000000000000000000000000000000000000000000000000000000000000000000002915700000000000000000000000000   070415                                         15                                                  000045
10213247845000128416070035008815055  44442                    0004444221          2014041630105001000003   306060415PED37526320004444221          07041500000000164283414135108000000000000000000000000000000000000000000000000000000000000000000000000000000000000001642800000000000000000000000000   070415                                         17                                                  000046
10213247845000128416070035008815055  44444                    0004444485          2014041630105001000003   306060415PED37526320004444485          07041500000000301933414135108000000000000000000000000000000000000000000000000000000000000000000000000000000000000003019300000000000000000000000000   070415                                         17                                                  000047
10213247845000128416070035008815055  44453                    0004445392          2014041630105001000003   306060415PED10192630004445392          07041500000000249320410109008000000000000000000000000000000000000000000000000000000000000000000000000000000000000002493200000000000000000000000000   070415                                         16                                                  000048
10213247845000128416070035008805076  44456                    0004445627                                   132070415PED37526320004445627          14041500000000433350414168801000000000000000000000000000000000000000000000000000000000000000000000000000000000000004333500000000000000000000000000   070415                                          1                                                  000049
10213247845000128416070035008805076  44493                    0004449355                                   106060415PED10192630004449355          01041500000000617832374135108000000000000000000000000000000000000000000000000000000000000000000000000000000000000006178300000000009250000000000000   070415                                         15                                                  000050
10213247845000128416070035008815055  44516                    0004451635          2014041630105001000003   306060415PED36726320004451635          01041500000000280310417914608000000000000000000000000000000000000000000000000000000000000000000000000000000000000002803100000000004200000000000000   070415                                         11                                                  000051
10213247845000128416070035008805076  44521                    0004452135                                   123070415PED36726320004452135          01041500000001451970417914608000000000000000000000000000000000000000000000000000000000000000000000000000000000000000000000000000000000000000000000                                                                                                      000052
10213247845000128416070035008805076  44538                    0004453875                                   132070415PED78826320004453875          15041500000000430560414168801000000000000000000000000000000000000000000000000000000000000000000000000000000000000004305600000000000000000000000000   070415                                          1                                                  000053
10213247845000128416070035008805076  44541                    0004454111                                   132070415PED78826320004454111          15041500000000430560414168801000000000000000000000000000000000000000000000000000000000000000000000000000000000000004305600000000000000000000000000   070415                                          1                                                  000054
10213247845000128416070035008805076  44543                    0004454375                                   115060415PED34426320004454375          22031500000000141330411636508000000000000000000000005700000000000000000000000000000000000000000000000000000000000001356300000000001680000000000000   070415                                         17                                                  000055
10213247845000128416070035008815055  44546                    0004454618          2014041630105001000003   306060415PED40626320004454618          31031500000000203650410109008000000000000000000000000000000000000000000000000000000000000000000000000000000000000002036500000000003660000000000000   070415                                         16                                                  000056
10213247845000128416070035008805076  44558                    0004455851                                   123070415PED10192630004455851          30031500000000484920416973608000000000000000000000000000000000000000000000000000000000000000000000000000000000000000000000000000000000000000000000                                                                                                      000057
10213247845000128416070035008815055  44576                    0004457676          2014041630105001000003   323070415PED10192630004457676          01041500000000136620414168808000000000000000000000000000000000000000000000000000000000000000000000000000000000000000000000000000000000000000000000                                                                                                      000058
10213247845000128416070035008805076  44582                    0004458257                                   106060415PED34426330004458257          01041500000000381070415165908000000000000000000000000000000000000000000000000000000000000000000000000000000000000003810700000000005700000000000000   070415                                         11                                                  000059
10213247845000128416070035008805076  44585                    0004458583                                   132070415PED37526330004458583          15041500000000446400414168801000000000000000000000000000000000000000000000000000000000000000000000000000000000000004464000000000000000000000000000   070415                                          1                                                  000060
10213247845000128416070035008815055  44596                    0004459652          2014041630105001000003   332070415PED40626330004459652          25031500000000126690414168801000000000000000000000000000000000000000000000000000000000000000000000000000000000000001266900000000000000000000000000   070415                                          1                                                  000061
10213247845000128416070035008815055  44600                    0004460057          2014041630105001000003   306060415PED10192630004460057          02041500000000301962374135108000000000000000000000000000000000000000000000000000000000000000000000000000000000000003019600000000003640000000000000   070415                                         15                                                  000062
10213247845000128416070035008805076  44602                    0004460219                                   106060415PED10192630004460219          02041500000000878822374135108000000000000000000000000000000000000000000000000000000000000000000000000000000000000008788200000000010560000000000000   070415                                         15                                                  000063
10213247845000128416070035008805076  44603                    0004460391                                   115060415PED37526330004460391          22031500000000146050419480308000000000000000000000005700000000000000000000000000000000000000000000000000000000000001403500000000001760000000000000   070415                                         17                                                  000064
10213247845000128416070035008815055  44607                    0004460707          2014041630105001000003   306060415PED34426330004460707          09041500000000286712374135108000000000000000000000000000000000000000000000000000000000000000000000000000000000000002867100000000000000000000000000   070415                                         15                                                  000065
10213247845000128416070035008815055  44618                    0004461878          2014041630105001000005   306060415PED78826330004461878          08041500000000324751044135108000000000000000000000000000000000000000000000000000000000000000000000000000000000000003247500000000000000000000000000   070415                                         15                                                  000066
10213247845000128416070035008805076  44622                    0004462297                                   106060415PED78826330004462297          02041500000000723140419407208000000000000000000000000000000000000000000000000000000000000000000000000000000000000007231400000000008680000000000000   070415                                         11                                                  000067
10213247845000128416070035008805076  44625                    0004462521                                   106060415PED10192630004462521          01041500000000415050414168808000000000000000000000000000000000000000000000000000000000000000000000000000000000000004150500000000006250000000000000   070415                                         11                                                  000068
10213247845000128416070035008815055  44640                    0004464028          2014041630105001000003   323070415PED36726330004464028          02041500000000244820417914608000000000000000000000000000000000000000000000000000000000000000000000000000000000000000000000000000000000000000000000                                                                                                      000069
10213247845000128416070035008815055  44656                    0004465679          2014041630105001000003   323070415PED40626340004465679          02041500000000357980414168808000000000000000000000000000000000000000000000000000000000000000000000000000000000000000000000000000000000000000000000                                                                                                      000070
10213247845000128416070035008805076  44659                    0004465911                                   132070415PED34426340004465911          16041500000000438650414168801000000000000000000000000000000000000000000000000000000000000000000000000000000000000004386500000000000000000000000000   070415                                          1                                                  000071
10213247845000128416070035008815055  44664                    0004466411          2014041630105001000014   306060415PED34426340004466411          02041500000000099420410109008000000000000000000000000000000000000000000000000000000000000000000000000000000000000000994200000000001200000000000000   070415                                         16                                                  000072
10213247845000128416070035008815055  44668                    0004466829          2014041630105001000005   306060415PED40626340004466829          09041500000000339720410109008000000000000000000000000000000000000000000000000000000000000000000000000000000000000003397200000000000000000000000000   070415                                         16                                                  000073
10213247845000128416070035008805076  44669                    0004466918                                   106060415PED10212630004466918          02041500000000411606344135108000000000000000000000000000000000000000000000000000000000000000000000000000000000000004116000000000004920000000000000   070415                                         17                                                  000074
10213247845000128416070035008815055  44674                    0004467418          2014041630105001000003   306060415PED34426340004467418          03041500000000361670410109008000000000000000000000000000000000000000000000000000000000000000000000000000000000000003616700000000000000000000000000   070415                                         16                                                  000075
10213247845000128416070035008815055  44678                    0004467817          2014041630105001000003   306060415PED10222630004467817          03041500000000179921364135108000000000000000000000000000000000000000000000000000000000000000000000000000000000000001799200000000000000000000000000   070415                                         11                                                  000076
10213247845000128416070035008815055  44686                    0004468643          2013041630105001000013   306060415PED78826350004468643          03041500000000239540410109008000000000000000000000000000000000000000000000000000000000000000000000000000000000000002395400000000000000000000000000   070415                                         11                                                  000077
10213247845000128416070035008815055  44688                    0004468805          2014041630105001000003   306060415PED020925/0004468805          03041500000000401890417914608000000000000000000000000000000000000000000000000000000000000000000000000000000000000004018900000000000000000000000000   070415                                         11                                                  000078
10213247845000128416070035008805076  44689                    0004468988                                   106060415PED40626350004468988          10041500000000849542374135108000000000000000000000000000000000000000000000000000000000000000000000000000000000000008495400000000000000000000000000   070415                                         15                                                  000079
10213247845000128416070035008815055  44690                    0004469062          2014041630105001000003   306060415PED10192630004469062          03041500000000138830410109008000000000000000000000000000000000000000000000000000000000000000000000000000000000000001388300000000000000000000000000   070415                                         16                                                  000080
10213247845000128416070035008815055  44692                    0004469224          2014041630105001000003   306060415PED020931/0004469224          03041500000000161841044135108000000000000000000000000000000000000000000000000000000000000000000000000000000000000001618400000000000000000000000000   070415                                         15                                                  000081
10213247845000128416070035008805076  44694                    0004469488                                   132070415PED78826350004469488          17041500000000460750414168801000000000000000000000000000000000000000000000000000000000000000000000000000000000000004607500000000000000000000000000   070415                                          1                                                  000082
10213247845000128416070035008815055  44708                    0004470869          2014041630105001000003   306060415PED40626380004470869          06041500000000142040410109008000000000000000000000000000000000000000000000000000000000000000000000000000000000000001420400000000000000000000000000   070415                                         16                                                  000083
10213247845000128416070035008805076  44719                    0004471938                                   106060415PED34426380004471938          06041500000002509770410109008000000000000000000000000000000000000000000000000000000000000000000000000000000000000025097700000000000000000000000000   070415                                         11                                                  000084
10213247845000128416070035008815055  44720                    0004472012          2014041630105001000014   306060415PED37526350004472012          06041500000000115910014135108000000000000000000000000000000000000000000000000000000000000000000000000000000000000001159100000000000000000000000000   070415                                         13                                                  000085
10213247845000128416070035008815055  44722                    0004472276          2014041630105001000003   306060415PED34426380004472276          06041500000000369460014135108000000000000000000000000000000000000000000000000000000000000000000000000000000000000003694600000000000000000000000000   070415                                         12                                                  000086
10213247845000128416070035008815055  44733                    0004473345          2014041630105001000003   306060415PED10212630004473345          06041500000000173502374135108000000000000000000000000000000000000000000000000000000000000000000000000000000000000001735000000000000000000000000000   070415                                         11                                                  000087
10213247845000128416070035008805076  44737                    0004473752                                   132070415PED36726380004473752          13041500000000448690414168801000000000000000000000000000000000000000000000000000000000000000000000000000000000000004486900000000000000000000000000   070415                                          1                                                  000088
10213247845000128416070035008815055  44745                    0004474589          2014041630105001000003   306060415PED020983/0004474589          06041500000000236063414135108000000000000000000000000000000000000000000000000000000000000000000000000000000000000002360600000000000000000000000000   070415                                         17                                                  000089
10213247845000128416070035008815055  44746                    0004474678          2014041630105001000003   306060415PED10212630004474678          06041500000000256801044135108000000000000000000000000000000000000000000000000000000000000000000000000000000000000002568000000000000000000000000000   070415                                         13                                                  000090
10213247845000128416070035008815055  44750                    0004475089          2014041630105001000014   306060415PED36726380004475089          06041500000000325342374135108000000000000000000000000000000000000000000000000000000000000000000000000000000000000003253400000000000000000000000000   070415                                         15                                                  000091
10213247845000128416070035008815055  44752                    0004475240          2014041630105001000005   306060415PED34426380004475240          06041500000000334580410109008000000000000000000000000000000000000000000000000000000000000000000000000000000000000003345800000000000000000000000000   070415                                         16                                                  000092
10213247845000128416070035008815055  44755                    0004475577          2014041630105001000003   306060415PED40626380004475577          06041500000000362820410109008000000000000000000000000000000000000000000000000000000000000000000000000000000000000003628200000000000000000000000000   070415                                         16                                                  000093
10213247845000128416070035008805076  44762                    0004476239                                   106060415PED37526380004476239          06041500000000519860014135108000000000000000000000000000000000000000000000000000000000000000000000000000000000000005198600000000000000000000000000   070415                                         13                                                  000094
10213247845000128416070035008815055  44766                    0004476646          2013041630105001000013   306060415PED10212630004476646          06041500000000045842374135108000000000000000000000000000000000000000000000000000000000000000000000000000000000000000458400000000000000000000000000   070415                                         11                                                  000095
10213247845000128416070035008815055  44767                    0004476727          2014041630105001000003   306060415PED10212630004476727          07041500000000225122374135108000000000000000000000000000000000000000000000000000000000000000000000000000000000000002251200000000000000000000000000   070415                                         11                                                  000096
10213247845000128416070035008815055  44777                    0004477715          2014041630105001000005   306060415PED40626380004477715          07041500000000349260014135108000000000000000000000000000000000000000000000000000000000000000000000000000000000000003492600000000000000000000000000   070415                                         11                                                  000097
10213247845000128416070035008805076  44790                    0004479041                                   106060415PED37526390004479041          31031500000000449760411636508000000000000000000000000000000000000000000000000000000000000000000000000000000000000004497600000000008100000000000000   070415                                         11                                                  000098
10213247845000128416070035008805076  44800                    0004480015                                   132070415PED40626390004480015          21041500000000437580414168801000000000000000000000000000000000000000000000000000000000000000000000000000000000000004375800000000000000000000000000   070415                                          1                                                  000099
10213247845000128416070035008815055  44802                    0004480279          2014041630105001000003   306060415PED10192630004480279          07041500000000224090334135108000000000000000000000000000000000000000000000000000000000000000000000000000000000000002240900000000000000000000000000   070415                                         11                                                  000100
10213247845000128416070035008805076  44803                    0004480368                                   106060415PED10192630004480368          07041500000000426640414168808000000000000000000000000000000000000000000000000000000000000000000000000000000000000004266400000000000000000000000000   070415                                         11                                                  000101
10213247845000128416070035008815055  44817                    0004481755          2013041630105001000013   306060415PED10222630004481755          06041500000000194850410109008000000000000000000000000000000000000000000000000000000000000000000000000000000000000001948500000000000000000000000000   070415                                         16                                                  000102
10213247845000128416070035008815055  44818                    0004481836          2014041630105001000005   306060415PED10222630004481836          06041500000000154897484135108000000000000000000000000000000000000000000000000000000000000000000000000000000000000001548900000000000000000000000000   070415                                         11                                                  000103
10213247845000128416070035008815055  44820                    0004482093          2014041630105001000005   306060415PED10222630004482093          07041500000000105121044135108000000000000000000000000000000000000000000000000000000000000000000000000000000000000001051200000000000000000000000000   070415                                         15                                                  000104
10213247845000128416070035008805076  44822                    0004482255                                   106060415PED10222630004482255          07041500000000430610410109008000000000000000000000000000000000000000000000000000000000000000000000000000000000000004306100000000000000000000000000   070415                                         16                                                  000105
10213247845000128416070035008815055  44827                    0004482743          2013041630105001000013   306060415PED78826380004482743          07041500000000203041044135108000000000000000000000000000000000000000000000000000000000000000000000000000000000000002030400000000000000000000000000   070415                                         15                                                  000106
10213247845000128416070035008815055  44829                    0004482905          2014041630105001000005   306060415PED10222630004482905          07041500000000154840410109008000000000000000000000000000000000000000000000000000000000000000000000000000000000000001548400000000000000000000000000   070415                                         13                                                  000107
10213247845000128416070035008815055  44840                    0004484088          2014041630105001000003   323070415PED78826380004484088          31031500000000179390412907608000000000000000000000000000000000000000000000000000000000000000000000000000000000000000000000000000000000000000000000                                                                                                      000108
10213247845000128416070035008815055  44841                    0004484150          2014041630105001000014   306060415PED78826380004484150          07041500000000315080410109008000000000000000000000000000000000000000000000000000000000000000000000000000000000000003150800000000000000000000000000   070415                                         16                                                  000109
10213247845000128416070035008805076  44842                    0004484231                                   106060415PED78826380004484231          07041500000000446811044135108000000000000000000000000000000000000000000000000000000000000000000000000000000000000004468100000000000000000000000000   070415                                         15                                                  000110
10213247845000128416070035008815055  44851                    0004485149          2014041630105001000003   306060415PED10222630004485149          08041500000000178912374135108000000000000000000000000000000000000000000000000000000000000000000000000000000000000001789100000000000000000000000000   070415                                         15                                                  000111
10213247845000128416070035008815055  44858                    0004485890          2014041630105001000003   306060415PED37526390004485890          07041500000000246000334135108000000000000000000000000000000000000000000000000000000000000000000000000000000000000002460000000000000000000000000000   070415                                         12                                                  000112
10213247845000128416070035008805076  44861                    0004486137                                   132070415PED36726390004486137          15041500000000456650414168801000000000000000000000000000000000000000000000000000000000000000000000000000000000000004566500000000000000000000000000   070415                                          1                                                  000113
10213247845000128416070035008815055  44868                    0004486889          2014041630105001000003   306060415PED78826390004486889          08041500000000215030014135108000000000000000000000000000000000000000000000000000000000000000000000000000000000000002150300000000000000000000000000   070415                                         15                                                  000114
10213247845000128416070035008815055  44869                    0004486978          2014041630105001000003   306060415PED78826390004486978          08041500000000157891044135108000000000000000000000000000000000000000000000000000000000000000000000000000000000000001578900000000000000000000000000   070415                                         15                                                  000115
10213247845000128416070035008805076  44876                    0004487613                                   106060415PED10192630004487613          08041500000000462711044135108000000000000000000000000000000000000000000000000000000000000000000000000000000000000004627100000000000000000000000000   070415                                         15                                                  000116
10213247845000128416070035008815055  44879                    0004487958          2014041630105001000005   306060415PED10192640004487958          08041500000000274300410109008000000000000000000000000000000000000000000000000000000000000000000000000000000000000002743000000000000000000000000000   070415                                         16                                                  000117
10213247845000128416070035008815055  44895                    0004489519          2014041630105001000014   306060415PED10192640004489519          08041500000000103230410109008000000000000000000000000000000000000000000000000000000000000000000000000000000000000001032300000000000000000000000000   070415                                         16                                                  000118
10213247845000128416070035008815055  44896                    0004489691          2013041630105001000013   306060415PED37526390004489691          08041500000000197000410109008000000000000000000000000000000000000000000000000000000000000000000000000000000000000001970000000000000000000000000000   070415                                         11                                                  000119
10213247845000128416070035008805998                           0004490339                                   106060415          0004490339          08041500000000262800014135100000000000020000000000000000000000000000000000000000000000000000000000000000000000000002628000000000000000000000000000   070415                                         11                                                  000120
10213247845000128416070035008805998                           0004491327                                   106060415          0004491327          08041500000001026762374135100000000000020000000000000000000000000000000000000000000000000000000000000000000000000010267600000000000000000000000000   070415                                         15                                                  000121
10213247845000128416070035008805998                           0004493486                                   106060415          0004493486          07041500000000150437484135100000000000020000000000000000000000000000000000000000000000000000000000000000000000000001504300000000000000000000000000   070415                                         11                                                  000122
10213247845000128416070035008805998                           0004494148                                   106060415          0004494148          02041500000000377150411636500000000000020000000000000000000000000000000000000000000000000000000000000000000000000003771500000000004520000000000000   070415                                         11                                                  000123
10213247845000128416070035008805998                           0004498437                                   106060415          0004498437          09041500000000155851044135100000000000020000000000000000000000000000000000000000000000000000000000000000000000000001558500000000000000000000000000   070415                                         15                                                  000124
10213247845000128416070035008805998                           0004498518                                   106060415          0004498518          09041500000000105360410109000000000000020000000000000000000000000000000000000000000000000000000000000000000000000001053600000000000000000000000000   070415                                         11                                                  000125
10213247845000128416070035008805998                           0004498763                                   106060415          0004498763          03041500000000111570411636500000000000020000000000000000000000000000000000000000000000000000000000000000000000000001115700000000000000000000000000   070415                                         11                                                  000126
10213247845000128416070035008805998                           0004499832                                   106060415          0004499832          03041500000000213367484135100000000000020000000000000000000000000000000000000000000000000000000000000000000000000002133600000000000000000000000000   070415                                         11                                                  000127
10213247845000128416070035008805076  45000                    0004500075                                   132070415PED021076/0004500075          10041500000000170640414168801000000000000000000000000000000000000000000000000000000000000000000000000000000000000001706400000000000000000000000000   070415                                          1                                                  000128
10213247845000128416070035008805998                           0004500237                                   106060415          0004500237          10041500000000109247484135100000000000020000000000000000000000000000000000000000000000000000000000000000000000000001092400000000000000000000000000   070415                                         11                                                  000129
10213247845000128416070035008805998                           0004500644                                   106060415          0004500644          03041500000000186700014135100000000000020000000000000000000000000000000000000000000000000000000000000000000000000001867000000000000000000000000000   070415                                         12                                                  000130
10213247845000128416070035008805998                           0004500989                                   106060415          0004500989          03041500000000224840413087200000000000020000000000000000000000000000000000000000000000000000000000000000000000000002248400000000000000000000000000   070415                                         11                                                  000131
10213247845000128416070035008805998                           0004501977                                   106060415          0004501977          03041500000000298770414168800000000000020000000000000000000000000000000000000000000000000000000000000000000000000002987700000000000000000000000000   070415                                         11                                                  000132
10213247845000128416070035008805998                           0004502132                                   106060415          0004502132          03041500000000145660410109000000000000020000000000000000000000000000000000000000000000000000000000000000000000000001456600000000000000000000000000   070415                                         16                                                  000133
10213247845000128416070035008805998                           0004502213                                   106060415          0004502213          03041500000000073610413087200000000000020000000000000000000000000000000000000000000000000000000000000000000000000000736100000000000000000000000000   070415                                         11                                                  000134
10213247845000128416070035008805998                           0004502701                                   106060415          0004502701          06041500000000337032374135100000000000020000000000000000000000000000000000000000000000000000000000000000000000000003370300000000000000000000000000   070415                                         15                                                  000135
10213247845000128416070035008805998                           0004503791                                   106060415          0004503791          03041500000000116382374135100000000000020000000000000000000000000000000000000000000000000000000000000000000000000001163800000000000000000000000000   070415                                         12                                                  000136
10213247845000128416070035008805998                           0004503872                                   106060415          0004503872          03041500000000082001044135100000000000020000000000000000000000000000000000000000000000000000000000000000000000000000820000000000000000000000000000   070415                                         15                                                  000137
10213247845000128416070035008805998                           0004504291                                   106060415          0004504291          03041500000001284413414135100000000000020000000000000000000000000000000000000000000000000000000000000000000000000012844100000000000000000000000000   070415                                         13                                                  000138
10213247845000128416070035008805998                           0004504798                                   106060415          0004504798          06041500000000593511044135100000000000020000000000000000000000000000000000000000000000000000000000000000000000000005935100000000000000000000000000   070415                                         15                                                  000139
10213247845000128416070035008805998                           0004505360                                   106060415          0004505360          13041500000000179160014135100000000000020000000000000000000000000000000000000000000000000000000000000000000000000001791600000000000000000000000000   070415                                         12                                                  000140
10213247845000128416070035008805998                           0004506502                                   106060415          0004506502          05041500000000144501044135100000000000020000000000000000000000000000000000000000000000000000000000000000000000000001445000000000000000000000000000   070415                                         15                                                  000141
10213247845000128416070035008805998                           0004506766                                   106060415          0004506766          06041500000000634970410109000000000000020000000000000000000000000000000000000000000000000000000000000000000000000006349700000000000000000000000000   070415                                         16                                                  000142
10213247845000128416070035008805998                           0004506928                                   106060415          0004506928          06041500000000221500410109000000000000020000000000000000000000000000000000000000000000000000000000000000000000000002215000000000000000000000000000   070415                                         11                                                  000143
10213247845000128416070035008805998                           0004507592                                   106060415          0004507592          06041500000000218500410109000000000000020000000000000000000000000000000000000000000000000000000000000000000000000002185000000000000000000000000000   070415                                         13                                                  000144
10213247845000128416070035008805998                           0004507754                                   106060415          0004507754          06041500000000291871044135100000000000020000000000000000000000000000000000000000000000000000000000000000000000000002918700000000000000000000000000   070415                                         15                                                  000145
10213247845000128416070035008805998                           0004508823                                   106060415          0004508823          06041500000000229960414168800000000000020000000000000000000000000000000000000000000000000000000000000000000000000002299600000000000000000000000000   070415                                         11                                                  000146
10213247845000128416070035008805076  45099                    0004509994                                   132070415PED37526450004509994          13041500000000466380414168801000000000000000000000000000000000000000000000000000000000000000000000000000000000000004663800000000000000000000000000   070415                                          1                                                  000147
10213247845000128416070035008805076  45100                    0004510054                                   132070415PED37526450004510054          13041500000000397950414168801000000000000000000000000000000000000000000000000000000000000000000000000000000000000003979500000000000000000000000000   070415                                          1                                                  000148
10213247845000128416070035008805076  45101                    0004510135                                   132070415PED34426450004510135          21041500000000394870414168801000000000000000000000000000000000000000000000000000000000000000000000000000000000000003948700000000000000000000000000   070415                                          1                                                  000149
10213247845000128416070035008815055  45108                    0004510887          2014041630105001000003   306060415PED34426450004510887          07041500000000271581044135108000000000000000000000000000000000000000000000000000000000000000000000000000000000000002715800000000000000000000000000   070415                                         15                                                  000150
10213247845000128416070035008805076  45115                    0004511530                                   106060415PED10192640004511530          05041500000000342290410109008000000000000000000000000000000000000000000000000000000000000000000000000000000000000003422900000000000000000000000000   070415                                         16                                                  000151
10213247845000128416070035008815055  45116                    0004511611          2014041630105001000014   306060415PED10192640004511611          06041500000000105950410109008000000000000000000000000000000000000000000000000000000000000000000000000000000000000001059500000000000000000000000000   070415                                         13                                                  000152
10213247845000128416070035008815055  45119                    0004511956          2014041630105001000014   306060415PED10192640004511956          06041500000000105150410109008000000000000000000000000000000000000000000000000000000000000000000000000000000000000001051500000000000000000000000000   070415                                         16                                                  000153
10213247845000128416070035008815055  45122                    0004512294          2014041630105001000005   306060415PED34426450004512294          05041500000000167347484135108000000000000000000000000000000000000000000000000000000000000000000000000000000000000001673400000000000000000000000000   070415                                         11                                                  000154
10213247845000128416070035008805076  45127                    0004512782                                   106060415PED40626450004512782          07041500000000593581044135108000000000000000000000000000000000000000000000000000000000000000000000000000000000000005935800000000000000000000000000   070415                                         15                                                  000155
10213247845000128416070035008805076  45128                    0004512863                                   106060415PED40626450004512863          07041500000000593581044135108000000000000000000000000000000000000000000000000000000000000000000000000000000000000005935800000000000000000000000000   070415                                         15                                                  000156
10213247845000128416070035008805076  45131                    0004513118                                   106060415PED021136/0004513118          06041500000000965120410109008000000000000000000000000000000000000000000000000000000000000000000000000000000000000009651200000000000000000000000000   070415                                         16                                                  000157
10213247845000128416070035008805076  45146                    0004514688                                   106060415PED78826460004514688          05041500000000460100411636508000000000000000000000000000000000000000000000000000000000000000000000000000000000000004601000000000000000000000000000   070415                                         11                                                  000158
10213247845000128416070035008805998                           0004514858                                   106060415          0004514858          07041500000000521433414135100000000000020000000000000000000000000000000000000000000000000000000000000000000000000005214300000000000000000000000000   070415                                         13                                                  000159
10213247845000128416070035008805076  45154                    0004515420                                   132070415PED10192640004515420          14041500000000445830414168801000000000000000000000000000000000000000000000000000000000000000000000000000000000000004458300000000000000000000000000   070415                                          1                                                  000160
10213247845000128416070035008805998                           0004516419                                   106060415          0004516419          07041500000000140690410109000000000000020000000000000000000000000000000000000000000000000000000000000000000000000001406900000000000000000000000000   070415                                         16                                                  000161
10213247845000128416070035008805998                           0004516745                                   106060415          0004516745          13041500000000105121044135100000000000020000000000000000000000000000000000000000000000000000000000000000000000000001051200000000000000000000000000   070415                                         15                                                  000162
10213247845000128416070035008805998                           0004517164                                   106060415          0004517164          14041500000000107182374135100000000000020000000000000000000000000000000000000000000000000000000000000000000000000001071800000000000000000000000000   070415                                         15                                                  000163
10213247845000128416070035008805998                           0004517733                                   106060415          0004517733          07041500000000229160334135100000000000020000000000000000000000000000000000000000000000000000000000000000000000000002291600000000000000000000000000   070415                                         17                                                  000164
10213247845000128416070035008805998                           0004519558                                   106060415          0004519558          07041500000000061700410109000000000000020000000000000000000000000000000000000000000000000000000000000000000000000000617000000000000000000000000000   070415                                         16                                                  000165
10213247845000128416070035008805998                           0004519639                                   106060415          0004519639          07041500000000119910410109000000000000020000000000000000000000000000000000000000000000000000000000000000000000000001199100000000000000000000000000   070415                                         16                                                  000166
10213247845000128416070035008805998                           0004521366                                   106060415          0004521366          04041500000000667711044135100000000000020000000000000000000000000000000000000000000000000000000000000000000000000006677100000000000000000000000000   070415                                         13                                                  000167
10213247845000128416070035008805998                           0004521447                                   106060415          0004521447          07041500000000102390410109000000000000020000000000000000000000000000000000000000000000000000000000000000000000000001023900000000000000000000000000   070415                                         16                                                  000168
10213247845000128416070035008805998                           0004521854                                   106060415          0004521854          08041500000000259222374135100000000000020000000000000000000000000000000000000000000000000000000000000000000000000002592200000000000000000000000000   070415                                         15                                                  000169
10213247845000128416070035008805076  45220                    0004522028                                   132070415PED10222640004522028          15041500000000124420414168801000000000000000000000000000000000000000000000000000000000000000000000000000000000000001244200000000000000000000000000   070415                                          1                                                  000170
10213247845000128416070035008805998                           0004522192                                   106060415          0004522192          04041500000000126871044135100000000000020000000000000000000000000000000000000000000000000000000000000000000000000001268700000000000000000000000000   070415                                         13                                                  000171
10213247845000128416070035008805998                           0004523679                                   106060415          0004523679          04041500000000297430334135100000000000020000000000000000000000000000000000000000000000000000000000000000000000000002974300000000000000000000000000   070415                                         11                                                  000172
10213247845000128416070035008805998                           0004524179                                   106060415          0004524179          06041500000000491941044135100000000000020000000000000000000000000000000000000000000000000000000000000000000000000004919400000000000000000000000000   070415                                         15                                                  000173
10213247845000128416070035008805076  45247                    0004524748                                   132070415PED021154/0004524748          29041500000000136440414168801000000000000000000000000000000000000000000000000000000000000000000000000000000000000001364400000000000000000000000000   070415                                          1                                                  000174
10213247845000128416070035008805076  45250                    0004525086                                   132070415PED37526450004525086          20041500000000331440414168801000000000000000000000000000000000000000000000000000000000000000000000000000000000000003314400000000000000000000000000   070415                                          1                                                  000175
10213247845000128416070035008805076  45251                    0004525167                                   132070415PED37526470004525167          15041500000000206190414168801000000000000000000000000000000000000000000000000000000000000000000000000000000000000002061900000000000000000000000000   070415                                          1                                                  000176
10213247845000128416070035008805998                           0004525574                                   106060415          0004525574          07041500000000595077484135100000000000020000000000000000000000000000000000000000000000000000000000000000000000000005950700000000000000000000000000   070415                                         11                                                  000177
10213247845000128416070035008805076  45256                    0004525655                                   132070415PED10222640004525655          15041500000000131050414168801000000000000000000000000000000000000000000000000000000000000000000000000000000000000001310500000000000000000000000000   070415                                          1                                                  000178
10213247845000128416070035008805076  45257                    0004525736                                   132070415PED10222640004525736          15041500000000126070414168801000000000000000000000000000000000000000000000000000000000000000000000000000000000000001260700000000000000000000000000   070415                                          1                                                  000179
10213247845000128416070035008805076  45258                    0004525817                                   132070415PED40626470004525817          22041500000000171260414168801000000000000000000000000000000000000000000000000000000000000000000000000000000000000001712600000000000000000000000000   070415                                          1                                                  000180
10213247845000128416070035008805076  45259                    0004525906                                   132070415PED10192640004525906          29041500000000187830414168801000000000000000000000000000000000000000000000000000000000000000000000000000000000000001878300000000000000000000000000   070415                                          1                                                  000181
10213247845000128416070035008805076  45260                    0004526074                                   132070415PED021169/0004526074          22041500000000167460414168801000000000000000000000000000000000000000000000000000000000000000000000000000000000000001674600000000000000000000000000   070415                                          1                                                  000182
10213247845000128416070035008805076  45262                    0004526236                                   132070415PED10192640004526236          15041500000000135870414168801000000000000000000000000000000000000000000000000000000000000000000000000000000000000001358700000000000000000000000000   070415                                          1                                                  000183
10213247845000128416070035008805076  45263                    0004526317                                   132070415PED10192640004526317          15041500000000363790414168801000000000000000000000000000000000000000000000000000000000000000000000000000000000000003637900000000000000000000000000   070415                                          1                                                  000184
10213247845000128416070035008805076  45266                    0004526643                                   132070415PED78826470004526643          15041500000000289080414168801000000000000000000000000000000000000000000000000000000000000000000000000000000000000002890800000000000000000000000000   070415                                          1                                                  000185
10213247845000128416070035008805998                           0004526805                                   106060415          0004526805          08041500000000614541044135100000000000020000000000000000000000000000000000000000000000000000000000000000000000000006145400000000000000000000000000   070415                                         15                                                  000186
10213247845000128416070035008805076  45270                    0004527062                                   132070415PED78826470004527062          15041500000000276140414168801000000000000000000000000000000000000000000000000000000000000000000000000000000000000002761400000000000000000000000000   070415                                          1                                                  000187
10213247845000128416070035008805076  45271                    0004527143                                   132070415PED78826470004527143          22041500000000276130414168801000000000000000000000000000000000000000000000000000000000000000000000000000000000000002761300000000000000000000000000   070415                                          1                                                  000188
10213247845000128416070035008805076  45273                    0004527305                                   132070415PED40626470004527305          16041500000000109950414168801000000000000000000000000000000000000000000000000000000000000000000000000000000000000001099500000000000000000000000000   070415                                          1                                                  000189
10213247845000128416070035008805076  45274                    0004527488                                   132070415PED10212640004527488          16041500000000098330414168801000000000000000000000000000000000000000000000000000000000000000000000000000000000000000983300000000000000000000000000   070415                                          1                                                  000190
10213247845000128416070035008805076  45275                    0004527550                                   132070415PED10212640004527550          16041500000000273190414168801000000000000000000000000000000000000000000000000000000000000000000000000000000000000002731900000000000000000000000000   070415                                          1                                                  000191
10213247845000128416070035008805998                           0004527631                                   106060415          0004527631          05041500000000331033414135100000000000020000000000000000000000000000000000000000000000000000000000000000000000000003310300000000000000000000000000   070415                                         11                                                  000192
10213247845000128416070035008805998                           0004527895                                   106060415          0004527895          08041500000000246002374135100000000000020000000000000000000000000000000000000000000000000000000000000000000000000002460000000000000000000000000000   070415                                         11                                                  000193
10213247845000128416070035008805076  45279                    0004527976                                   132070415PED10222640004527976          16041500000000361790414168801000000000000000000000000000000000000000000000000000000000000000000000000000000000000003617900000000000000000000000000   070415                                          1                                                  000194
10213247845000128416070035008805076  45280                    0004528050                                   132070415PED37526470004528050          09041500000000121520414168801000000000000000000000000000000000000000000000000000000000000000000000000000000000000001215200000000000000000000000000   070415                                          1                                                  000195
10213247845000128416070035008805076  45281                    0004528131                                   132070415PED37526470004528131          09041500000000229140414168801000000000000000000000000000000000000000000000000000000000000000000000000000000000000002291400000000000000000000000000   070415                                          1                                                  000196
10213247845000128416070035008805076  45282                    0004528212                                   132070415PED34426470004528212          16041500000000225740414168801000000000000000000000000000000000000000000000000000000000000000000000000000000000000002257400000000000000000000000000   070415                                          1                                                  000197
10213247845000128416070035008805076  45283                    0004528395                                   132070415PED78826470004528395          09041500000000284550414168801000000000000000000000000000000000000000000000000000000000000000000000000000000000000002845500000000000000000000000000   070415                                          1                                                  000198
10213247845000128416070035008805076  45284                    0004528476                                   132070415PED78826460004528476          16041500000000194940414168801000000000000000000000000000000000000000000000000000000000000000000000000000000000000001949400000000000000000000000000   070415                                          1                                                  000199
10213247845000128416070035008805076  45285                    0004528549                                   132070415PED021188/0004528549          09041500000000242130414168801000000000000000000000000000000000000000000000000000000000000000000000000000000000000002421300000000000000000000000000   070415                                          1                                                  000200
10213247845000128416070035008805076  45286                    0004528638                                   132070415PED40626480004528638          16041500000000444350414168801000000000000000000000000000000000000000000000000000000000000000000000000000000000000004443500000000000000000000000000   070415                                          1                                                  000201
10213247845000128416070035008805076  45287                    0004528700                                   132070415PED10192640004528700          23041500000000187860414168801000000000000000000000000000000000000000000000000000000000000000000000000000000000000001878600000000000000000000000000   070415                                          1                                                  000202
10213247845000128416070035008805076  45291                    0004529138                                   132070415PED021190/0004529138          30041500000000335480414168801000000000000000000000000000000000000000000000000000000000000000000000000000000000000003354800000000000000000000000000   070415                                          1                                                  000203
10213247845000128416070035008805076  45292                    0004529200                                   132070415PED36726480004529200          23041500000000314040414168801000000000000000000000000000000000000000000000000000000000000000000000000000000000000003140400000000000000000000000000   070415                                          1                                                  000204
10213247845000128416070035008805076  45293                    0004529383                                   132070415PED36726480004529383          23041500000000382470414168801000000000000000000000000000000000000000000000000000000000000000000000000000000000000003824700000000000000000000000000   070415                                          1                                                  000205
10213247845000128416070035008805076  45294                    0004529464                                   132070415PED37526480004529464          09041500000000130000414168801000000000000000000000000000000000000000000000000000000000000000000000000000000000000001300000000000000000000000000000   070415                                          1                                                  000206
10213247845000128416070035008805076  45299                    0004529952                                   132070415PED36726470004529952          09041500000000380890414168801000000000000000000000000000000000000000000000000000000000000000000000000000000000000003808900000000000000000000000000   070415                                          1                                                  000207
10213247845000128416070035008805076  45300                    0004530012                                   132070415PED021186/0004530012          16041500000000455270414168801000000000000000000000000000000000000000000000000000000000000000000000000000000000000004552700000000000000000000000000   070415                                          1                                                  000208
10213247845000128416070035008805076  45301                    0004530195                                   132070415PED78826480004530195          09041500000000336960414168801000000000000000000000000000000000000000000000000000000000000000000000000000000000000003369600000000000000000000000000   070415                                          1                                                  000209
10213247845000128416070035008805076  45302                    0004530276                                   132070415PED78826480004530276          23041500000000139640414168801000000000000000000000000000000000000000000000000000000000000000000000000000000000000001396400000000000000000000000000   070415                                          1                                                  000210
10213247845000128416070035008805076  45304                    0004530438                                   132070415PED10192640004530438          09041500000000353610414168801000000000000000000000000000000000000000000000000000000000000000000000000000000000000003536100000000000000000000000000   070415                                          1                                                  000211
10213247845000128416070035008805076  45305                    0004530500                                   132070415PED34426480004530500          16041500000000129910414168801000000000000000000000000000000000000000000000000000000000000000000000000000000000000001299100000000000000000000000000   070415                                          1                                                  000212
10213247845000128416070035008805998                           0004530764                                   106060415          0004530764          04041500000000100010414168800000000000020000000000000000000000000000000000000000000000000000000000000000000000000001000100000000000000000000000000   070415                                         11                                                  000213
10213247845000128416070035008805998                           0004530845                                   106060415          0004530845          05041500000000169861044135100000000000020000000000000000000000000000000000000000000000000000000000000000000000000001698600000000000000000000000000   070415                                         15                                                  000214
10213247845000128416070035008805076  45309                    0004530926                                   132070415PED10212640004530926          16041500000000215220414168801000000000000000000000000000000000000000000000000000000000000000000000000000000000000002152200000000000000000000000000   070415                                          1                                                  000215
10213247845000128416070035008805076  45312                    0004531264                                   132070415PED10192640004531264          09041500000000164460414168801000000000000000000000000000000000000000000000000000000000000000000000000000000000000001644600000000000000000000000000   070415                                          1                                                  000216
10213247845000128416070035008805076  45313                    0004531345                                   132070415PED37526470004531345          09041500000000220540414168801000000000000000000000000000000000000000000000000000000000000000000000000000000000000002205400000000000000000000000000   070415                                          1                                                  000217
10213247845000128416070035008805076  45314                    0004531426                                   132070415PED021204/0004531426          09041500000000109700414168801000000000000000000000000000000000000000000000000000000000000000000000000000000000000001097000000000000000000000000000   070415                                          1                                                  000218
10213247845000128416070035008805076  45315                    0004531590                                   132070415PED78826480004531590          16041500000000133710414168801000000000000000000000000000000000000000000000000000000000000000000000000000000000000001337100000000000000000000000000   070415                                          1                                                  000219
10213247845000128416070035008805076  45318                    0004531833                                   132070415PED36726480004531833          16041500000000177740414168801000000000000000000000000000000000000000000000000000000000000000000000000000000000000001777400000000000000000000000000   070415                                          1                                                  000220
10213247845000128416070035008805076  45321                    0004532171                                   132070415PED10192640004532171          09041500000000247490414168801000000000000000000000000000000000000000000000000000000000000000000000000000000000000002474900000000000000000000000000   070415                                          1                                                  000221
10213247845000128416070035008805076  45322                    0004532252                                   132070415PED40626480004532252          16041500000000326870414168801000000000000000000000000000000000000000000000000000000000000000000000000000000000000003268700000000000000000000000000   070415                                          1                                                  000222
10213247845000128416070035008805076  45323                    0004532333                                   132070415PED10192640004532333          09041500000000171560414168801000000000000000000000000000000000000000000000000000000000000000000000000000000000000001715600000000000000000000000000   070415                                          1                                                  000223
10213247845000128416070035008805076  45326                    0004532678                                   102070415PED40626480004532678          23041500000000187730414168808000000000020000000000000000000000000000000000000000000000000000000000000000000000000000000000000000000000000000000000                                                                                                      000224
10213247845000128416070035008805076  45327                    0004532740                                   102070415PED34426480004532740          13041500000000584850411636508000000000020000000000000000000000000000000000000000000000000000000000000000000000000000000000000000000000000000000000                                                                                                      000225
10213247845000128416070035008805076  45329                    0004532902                                   102070415PED021223/0004532902          27041500000000135630414168808000000000020000000000000000000000000000000000000000000000000000000000000000000000000000000000000000000000000000000000                                                                                                      000226
10213247845000128416070035008805076  45332                    0004533240                                   102070415PED36726520004533240          20041500000001006250414168808000000000020000000000000000000000000000000000000000000000000000000000000000000000000000000000000000000000000000000000                                                                                                      000227
10213247845000128416070035008805076  45334                    0004533402                                   132070415PED34426520004533402          20041500000000262370414168801000000000000000000000000000000000000000000000000000000000000000000000000000000000000002623700000000000000000000000000   070415                                          1                                                  000228
10213247845000128416070035008805076  45335                    0004533577                                   102070415PED34426520004533577          04051500000000459560414168808000000000020000000000000000000000000000000000000000000000000000000000000000000000000000000000000000000000000000000000                                                                                                      000229
10213247845000128416070035008805076  45338                    0004533828                                   102070415PED36726520004533828          27041500000000326020416700808000000000020000000000000000000000000000000000000000000000000000000000000000000000000000000000000000000000000000000000                                                                                                      000230
10213247845000128416070035008805076  45339                    0004533992                                   102070415PED021238/0004533992          13041500000000670860417914608000000000020000000000000000000000000000000000000000000000000000000000000000000000000000000000000000000000000000000000                                                                                                      000231
10213247845000128416070035008805076  45340                    0004534077                                   102070415PED78826520004534077          13041500000000255810414168808000000000020000000000000000000000000000000000000000000000000000000000000000000000000000000000000000000000000000000000                                                                                                      000232
10213247845000128416070035008805076  45341                    0004534158                                   102070415PED78826520004534158          04051500000000437310412907608000000000020000000000000000000000000000000000000000000000000000000000000000000000000000000000000000000000000000000000                                                                                                      000233
10213247845000128416070035008805076  45343                    0004534328                                   102070415PED10212650004534328          13041500000000103480412907608000000000020000000000000000000000000000000000000000000000000000000000000000000000000000000000000000000000000000000000                                                                                                      000234
10213247845000128416070035008805076  45345                    0004534565                                   102070415PED10212650004534565          27041500000000386480412907608000000000020000000000000000000000000000000000000000000000000000000000000000000000000000000000000000000000000000000000                                                                                                      000235
10213247845000128416070035008805076  45346                    0004534646                                   102070415PED78826520004534646          27041500000000656030416106908000000000020000000000000000000000000000000000000000000000000000000000000000000000000000000000000000000000000000000000                                                                                                      000236
10213247845000128416070035008805076  45347                    0004534727                                   102070415PED78826520004534727          13041500000000774640416106908000000000020000000000000000000000000000000000000000000000000000000000000000000000000000000000000000000000000000000000                                                                                                      000237
10213247845000128416070035008805076  45348                    0004534808                                   102070415PED36726520004534808          27041500000000411530414168808000000000020000000000000000000000000000000000000000000000000000000000000000000000000000000000000000000000000000000000                                                                                                      000238
10213247845000128416070035008805076  45349                    0004534980                                   102070415PED36726520004534980          27041500000000295620414168808000000000020000000000000000000000000000000000000000000000000000000000000000000000000000000000000000000000000000000000                                                                                                      000239
10213247845000128416070035008805076  45350                    0004535065                                   102070415PED40626520004535065          27041500000000071950414168808000000000020000000000000000000000000000000000000000000000000000000000000000000000000000000000000000000000000000000000                                                                                                      000240
10213247845000128416070035008805076  45351                    0004535146                                   102070415PED021239/0004535146          20041500000000691210414168808000000000020000000000000000000000000000000000000000000000000000000000000000000000000000000000000000000000000000000000                                                                                                      000241
10213247845000128416070035008805076  45352                    0004535227                                   102070415PED40626520004535227          27041500000001050900414168808000000000020000000000000000000000000000000000000000000000000000000000000000000000000000000000000000000000000000000000                                                                                                      000242
10213247845000128416070035008805076  45353                    0004535308                                   102070415PED40626520004535308          20041500000000270110414168808000000000020000000000000000000000000000000000000000000000000000000000000000000000000000000000000000000000000000000000                                                                                                      000243
10213247845000128416070035008805076  45365                    0004536541                                   102070415PED021243/0004536541          13041500000000214090414168808000000000020000000000000000000000000000000000000000000000000000000000000000000000000000000000000000000000000000000000                                                                                                      000244
9201041          000003450000001470207500000000 00000200000000008990060000147000000004964045                                                                                                                                                                                                                                                                                                              000245
