01REMESSA01COBRANCA       00000000000004545031ELETROMIX - ENGLERT E SZINVELS237BRADESCO       050215        MX1415342                                                                                                                                                                                                                                                                                     000001
100000000000000000000009003250122685113500601328              0000000013500601328200000000002            2  015574      16021500000000104000000000001N210115000000000000000210000000000000000000000000000000000000000000000289155303000197ADELGHI TRANSPORTES LTDA - EPP          RUA ALVARO VAIGA ANDRADE 240 VILA ING PO            91230410*** VALORES EXPRESSOS EM REAIS ***                          000002
100000000000000000000009003250122685113500601306              0000000013500601306100000000002            2  015594      18021500000000361000000000001N210115000000000000000720000000000000000000000000000000000000000000000294668423000128ALEXANDRE DA CUNHA GUARISE              RUA VOLUNTARIOS DA PATRIA 2128 CENTRO PO            90230010*** VALORES EXPRESSOS EM REAIS ***                          000003
100000000000000000000009003250122685113500601348              0000000013500601348700000000002            2  014050 E 56218021500000000985000000000001N210115000000000000001970000000000000000000000000000000000000000000000294668423000128ALEXANDRE DA CUNHA GUARISE              RUA VOLUNTARIOS DA PATRIA 2128 CENTRO PO            90230010*** VALORES EXPRESSOS EM REAIS ***                          000004
100000000000000000000009003250122685113500601317              0000000013500601317700000000002            2  015579 E 55816021500000000413000000000001N210115000000000000000830000000000000000000000000000000000000000000000211982978000112ALTOPLAT PLATAFORMAS AEREAS LTDA - EPP  TRAVESSA MARROCOS 46 VILA IPIRANGA PORTO            91370240*** VALORES EXPRESSOS EM REAIS ***                          000005
100000000000000000000009003250122685113500601318              0000000013500601318500000000002            2  015579 E 55802031500000000413000000000001N210115000000000000000830000000000000000000000000000000000000000000000211982978000112ALTOPLAT PLATAFORMAS AEREAS LTDA - EPP  TRAVESSA MARROCOS 46 VILA IPIRANGA PORTO            91370240*** VALORES EXPRESSOS EM REAIS ***                          000006
100000000000000000000009003250122685113500601167              0000000013500601167000000000002            2  015539/01   11021500000000589340000000001N150115060300000000001180000000000000000000000000000000000000000000000210497319000128AUTOGERADORA - COMERCIO E LOCACAO DE GERAV DAS INDUSTRIAS 275 SAO JOAO PORTO ALE            90200290*** VALORES EXPRESSOS EM REAIS ***                          000007
100000000000000000000009003250122685113500601168              0000000013500601168900000000002            2  015539/02   25021500000000589330000000001N150115060300000000001180000000000000000000000000000000000000000000000210497319000128AUTOGERADORA - COMERCIO E LOCACAO DE GERAV DAS INDUSTRIAS 275 SAO JOAO PORTO ALE            90200290*** VALORES EXPRESSOS EM REAIS ***                          000008
100000000000000000000009003250122685113500601169              0000000013500601169700000000002            2  015539/03   11031500000000589330000000001N150115060300000000001180000000000000000000000000000000000000000000000210497319000128AUTOGERADORA - COMERCIO E LOCACAO DE GERAV DAS INDUSTRIAS 275 SAO JOAO PORTO ALE            90200290*** VALORES EXPRESSOS EM REAIS ***                          000009
100000000000000000000009003250122685113500601528              0000000013500601528500000000002            2  015792/01   04031500000000765000000000001N030215000000000000001530000000000000000000000000000000000000000000000210497319000128AUTOGERADORA - COMERCIO E LOCACAO DE GERAV DAS INDUSTRIAS 275 SAO JOAO PORTO ALE            90200290*** VALORES EXPRESSOS EM REAIS ***                          000010
100000000000000000000009003250122685113500601529              0000000013500601529300000000002            2  015792/02   18031500000000765000000000001N030215000000000000001530000000000000000000000000000000000000000000000210497319000128AUTOGERADORA - COMERCIO E LOCACAO DE GERAV DAS INDUSTRIAS 275 SAO JOAO PORTO ALE            90200290*** VALORES EXPRESSOS EM REAIS ***                          000011
100000000000000000000009003250122685113500601340              0000000013500601340100000000002            2  015561      13021500000000440000000000001N210115000000000000000880000000000000000000000000000000000000000000000210331682000179BLUE LOG TRANSPORTE E LOGISTICA EIRELI -RUA PADRE DIOGO FEIJO 169 NAVEGANTES POR            90240420*** VALORES EXPRESSOS EM REAIS ***                          000012
100000000000000000000009003250122685113500601341              0000000013500601341P00000000002            2  015564      19021500000000290000000000001N210115000000000000000580000000000000000000000000000000000000000000000200316010001536BRASIF LOCADORA LTDA                    AV DAS INDUSTRIAS 340 DISTRITO INDUSTRIA            94930230*** VALORES EXPRESSOS EM REAIS ***                          000013
100000000000000000000009003250122685113500601342              0000000013500601342800000000002            2  015565      19021500000000515000000000001N210115000000000000001030000000000000000000000000000000000000000000000200316010001536BRASIF LOCADORA LTDA                    AV DAS INDUSTRIAS 340 DISTRITO INDUSTRIA            94930230*** VALORES EXPRESSOS EM REAIS ***                          000014
100000000000000000000009003250122685113500601343              0000000013500601343600000000002            2  015566      19021500000000386000000000001N210115000000000000000770000000000000000000000000000000000000000000000200316010001536BRASIF LOCADORA LTDA                    AV DAS INDUSTRIAS 340 DISTRITO INDUSTRIA            94930230*** VALORES EXPRESSOS EM REAIS ***                          000015
100000000000000000000009003250122685113500601325              0000000013500601325800000000002            2  014014 E 55718021500000000327340000000001N210115000000000000000650000000000000000000000000000000000000000000000200551745000149CH TRANPORTES EIRELI - EPP              R ANGELO DOURADO 475 ANCHIETA PORTO ALEG            90200060*** VALORES EXPRESSOS EM REAIS ***                          000016
100000000000000000000009003250122685113500601326              0000000013500601326600000000002            2  014014 E 55720031500000000327330000000001N210115000000000000000650000000000000000000000000000000000000000000000200551745000149CH TRANPORTES EIRELI - EPP              R ANGELO DOURADO 475 ANCHIETA PORTO ALEG            90200060*** VALORES EXPRESSOS EM REAIS ***                          000017
100000000000000000000009003250122685113500601327              0000000013500601327400000000002            2  014014 E 55720041500000000327330000000001N210115000000000000000650000000000000000000000000000000000000000000000200551745000149CH TRANPORTES EIRELI - EPP              R ANGELO DOURADO 475 ANCHIETA PORTO ALEG            90200060*** VALORES EXPRESSOS EM REAIS ***                          000018
100000000000000000000009003250122685113500601081              0000000013500601081P00000000002            2  015441      06021500000000099000000000001N120115060300000000000200000000000000000000000000000000000000000000000200526744000144CONCRELUX SERVICOS DE CONCRETAGEM LTDA  ROD FEDERAL BR 116 S/N INDUSTRIAL VACARI            95200000*** VALORES EXPRESSOS EM REAIS ***                          000019
100000000000000000000009003250122685113500601085              0000000013500601085200000000002            2  01080115/02 19021500000001955000000000001N120115060300000000003910000000000000000000000000000000000000000000000227701564001694CONCRETO REDIMIX DO BRASIL SA           R DA VARZEA 580 SAO PEDRO PORTO ALEGRE R            91040600*** VALORES EXPRESSOS EM REAIS ***                          000020
100000000000000000000009003250122685113500601467              0000000013500601467P00000000002            2  015665      23021500000001210000000000001N280115000000000000002420000000000000000000000000000000000000000000000233192873000100CONSTRUTORA BRASILIA GUAIBA LTDA        AV INDEPENDENCIA 1299 INDEPENDENCIA PORT            90035077*** VALORES EXPRESSOS EM REAIS ***                          000021
100000000000000000000009003250122685113500601344              0000000013500601344400000000002            2  014009      13021500000000205000000000001N210115000000000000000410000000000000000000000000000000000000000000000205632202000170CONSTRUTORA SINTRA LTDA                 RUA RICARDO LEONIDAS RIBAS 180 RESTINGA             91790005*** VALORES EXPRESSOS EM REAIS ***                          000022
100000000000000000000009003250122685113500601308              0000000013500601308800000000002            2  015590      16021500000001243000000000001N210115000000000000002490000000000000000000000000000000000000000000000209373953000170DBMAXX LOCACAO DE MAQUINAS E EQUIPAMENTOAV PATRIA 1255 SAO GERALDO PORTO ALEGRE             90230071*** VALORES EXPRESSOS EM REAIS ***                          000023
100000000000000000000009003250122685113500601334              0000000013500601334700000000002            2  014048/01   20021500000000426670000000001N210115000000000000000850000000000000000000000000000000000000000000000257764763001793DEGRAUS ANDAIMES, MAQUINAS E EQUIPAMENTOR SANTA CATARINA 426 SANTA MARIA GORETTI            91030330*** VALORES EXPRESSOS EM REAIS ***                          000024
100000000000000000000009003250122685113500601335              0000000013500601335500000000002            2  014048/02   22031500000000426670000000001N210115000000000000000850000000000000000000000000000000000000000000000257764763001793DEGRAUS ANDAIMES, MAQUINAS E EQUIPAMENTOR SANTA CATARINA 426 SANTA MARIA GORETTI            91030330*** VALORES EXPRESSOS EM REAIS ***                          000025
100000000000000000000009003250122685113500601336              0000000013500601336300000000002            2  014048/03   21041500000000426660000000001N210115000000000000000850000000000000000000000000000000000000000000000257764763001793DEGRAUS ANDAIMES, MAQUINAS E EQUIPAMENTOR SANTA CATARINA 426 SANTA MARIA GORETTI            91030330*** VALORES EXPRESSOS EM REAIS ***                          000026
100000000000000000000009003250122685113500601333              0000000013500601333900000000002            2  015568      16021500000000480000000000001N210115000000000000000960000000000000000000000000000000000000000000000257764763001793DEGRAUS ANDAIMES, MAQUINAS E EQUIPAMENTOR SANTA CATARINA 426 SANTA MARIA GORETTI            91030330*** VALORES EXPRESSOS EM REAIS ***                          000027
100000000000000000000009003250122685113500601356              0000000013500601356800000000002            2  015635/01   20021500000000193330000000001N230115000000000000000390000000000000000000000000000000000000000000000257764763001793DEGRAUS ANDAIMES, MAQUINAS E EQUIPAMENTOR SANTA CATARINA 426 SANTA MARIA GORETTI            91030330*** VALORES EXPRESSOS EM REAIS ***                          000028
100000000000000000000009003250122685113500601357              0000000013500601357600000000002            2  015635/02   22031500000000193330000000001N230115000000000000000390000000000000000000000000000000000000000000000257764763001793DEGRAUS ANDAIMES, MAQUINAS E EQUIPAMENTOR SANTA CATARINA 426 SANTA MARIA GORETTI            91030330*** VALORES EXPRESSOS EM REAIS ***                          000029
100000000000000000000009003250122685113500601358              0000000013500601358400000000002            2  015635/03   21041500000000193340000000001N230115000000000000000390000000000000000000000000000000000000000000000257764763001793DEGRAUS ANDAIMES, MAQUINAS E EQUIPAMENTOR SANTA CATARINA 426 SANTA MARIA GORETTI            91030330*** VALORES EXPRESSOS EM REAIS ***                          000030
100000000000000000000009003250122685113500601530              0000000013500601530700000000002            2  015791/01   03031500000000497500000000001N030215000000000000001000000000000000000000000000000000000000000000000207636225000188ECO - PROJETOS E CONSTRUCOES LTDA       AV. TEIXEIRA MENDES 1011 CHACARA DAS PED            91330391*** VALORES EXPRESSOS EM REAIS ***                          000031
100000000000000000000009003250122685113500601531              0000000013500601531500000000002            2  015791/02   31031500000000497500000000001N030215000000000000001000000000000000000000000000000000000000000000000207636225000188ECO - PROJETOS E CONSTRUCOES LTDA       AV. TEIXEIRA MENDES 1011 CHACARA DAS PED            91330391*** VALORES EXPRESSOS EM REAIS ***                          000032
100000000000000000000009003250122685113500601046              0000000013500601046100000000002            2  013902 E 53918021500000000591000000000001N100115060300000000001180000000000000000000000000000000000000000000000201140682000109EMPILHAR MAQUINAS E PECAS LTDA - EPP    AV BRASIL 1127 NAVEGANTES PORTO ALEGRE R            90230061*** VALORES EXPRESSOS EM REAIS ***                          000033
100000000000000000000009003250122685113500601047              0000000013500601047P00000000002            2  013902 E 53903031500000000591000000000001N100115060300000000001180000000000000000000000000000000000000000000000201140682000109EMPILHAR MAQUINAS E PECAS LTDA - EPP    AV BRASIL 1127 NAVEGANTES PORTO ALEGRE R            90230061*** VALORES EXPRESSOS EM REAIS ***                          000034
100000000000000000000009003250122685113500601535              0000000013500601535800000000002            2  015790/01   03031500000000505000000000001N030215000000000000001010000000000000000000000000000000000000000000000201140682000109EMPILHAR MAQUINAS E PECAS LTDA - EPP    AV BRASIL 1127 NAVEGANTES PORTO ALEGRE R            90230061*** VALORES EXPRESSOS EM REAIS ***                          000035
100000000000000000000009003250122685113500601536              0000000013500601536600000000002            2  015790/02   31031500000000505000000000001N030215000000000000001010000000000000000000000000000000000000000000000201140682000109EMPILHAR MAQUINAS E PECAS LTDA - EPP    AV BRASIL 1127 NAVEGANTES PORTO ALEGRE R            90230061*** VALORES EXPRESSOS EM REAIS ***                          000036
100000000000000000000009003250122685113500601542              0000000013500601542000000000002            2  014221      04031500000000600000000000001N040215000000000000001200000000000000000000000000000000000000000000000212494315000111ENGESA ENGENHARIA E SANEAMENTO AMBIENTALAV. JUCA BATISTA 1231 CAVALHADA PORTO AL            91751001*** VALORES EXPRESSOS EM REAIS ***                          000037
100000000000000000000009003250122685113500601441              0000000013500601441600000000002            2  015708/01   24021500000001250000000000001N280115000000000000002500000000000000000000000000000000000000000000000290823246000156EQUIPAMENTOS E LOCACAO JUCELI LTDA - EPPAV. VOLUNTARIOS DA PATRIA 3635 NAVEGANTE            90230011*** VALORES EXPRESSOS EM REAIS ***                          000038
100000000000000000000009003250122685113500601442              0000000013500601442400000000002            2  015708/02   10031500000001250000000000001N280115000000000000002500000000000000000000000000000000000000000000000290823246000156EQUIPAMENTOS E LOCACAO JUCELI LTDA - EPPAV. VOLUNTARIOS DA PATRIA 3635 NAVEGANTE            90230011*** VALORES EXPRESSOS EM REAIS ***                          000039
100000000000000000000009003250122685113500601071              0000000013500601071200000000002            2  015471      16021500000000630000000000001N120115060300000000001260000000000000000000000000000000000000000000000288276704000132EXPRESSO SB TRANSPORTES E TURISMO LTDA  RUA BARAO DO AMAZONAS 217 CENTRO ENCRUZI            96610000*** VALORES EXPRESSOS EM REAIS ***                          000040
100000000000000000000009003250122685113500601322              0000000013500601322300000000002            2  015578      16021500000000685000000000001N210115000000000000001370000000000000000000000000000000000000000000000288276704000132EXPRESSO SB TRANSPORTES E TURISMO LTDA  RUA BARAO DO AMAZONAS 217 CENTRO ENCRUZI            96610000*** VALORES EXPRESSOS EM REAIS ***                          000041
100000000000000000000009003250122685113500601447              0000000013500601447500000000002            2  015713      24021500000000210000000000001N280115000000000000000420000000000000000000000000000000000000000000000288276704000132EXPRESSO SB TRANSPORTES E TURISMO LTDA  RUA BARAO DO AMAZONAS 217 CENTRO ENCRUZI            96610000*** VALORES EXPRESSOS EM REAIS ***                          000042
100000000000000000000009003250122685113500601451              0000000013500601451300000000002            2  015716      24021500000000120000000000001N280115000000000000000240000000000000000000000000000000000000000000000287574588000175GEYER ESTAQUEAMENTO LTDA                AV DOS ESTADOS 3007 ANCHIETA PORTO ALEGR            90200001*** VALORES EXPRESSOS EM REAIS ***                          000043
100000000000000000000009003250122685113500601258              0000000013500601258800000000002            2  014016      16021500000001410000000000001N190115000000000000002820000000000000000000000000000000000000000000000220278515000165GILMAR DE SOUZA MANUTENCAO - ME         R JOSE BARCELLOS GARCIA 265 RUBEM BERTA             91250552*** VALORES EXPRESSOS EM REAIS ***                          000044
100000000000000000000009003250122685113500601443              0000000013500601443200000000002            2  014110 E 57124021500000000340000000000001N280115000000000000000680000000000000000000000000000000000000000000000288342712000130GIULIAN TRANSPORTES LTDA - ME           AV. PROTASIO ALVES 7803 ALTO PETROPOLIS             91310003*** VALORES EXPRESSOS EM REAIS ***                          000045
100000000000000000000009003250122685113500601316              0000000013500601316900000000002            2  015585      16021500000000480000000000001N210115000000000000000960000000000000000000000000000000000000000000000204781512000940GOLDEN MIX CONCRETO LTDA.               R JOAO MOREIRA MACIEL 1222 HUMAITA PORTO            90250680*** VALORES EXPRESSOS EM REAIS ***                          000046
100000000000000000000009003250122685113500601331              0000000013500601331200000000002            2  014012 E 55716021500000000890000000000001N210115000000000000001780000000000000000000000000000000000000000000000260725975000451IMPORTADORA AMERICANA LTDA              AV BAHIA 459 SAO GERALDO PORTO ALEGRE RS            90240550*** VALORES EXPRESSOS EM REAIS ***                          000047
100000000000000000000009003250122685113500601330              0000000013500601330400000000002            2  014013 E 55716021500000002101000000000001N210115000000000000004200000000000000000000000000000000000000000000000295424321000472J MALUCELLI EQUIPAMENTOS S/A            R FREDERICO MENTZ 1017 NAVEGANTES PORTO             90240111*** VALORES EXPRESSOS EM REAIS ***                          000048
100000000000000000000009003250122685113500601448              0000000013500601448300000000002            2  014113 E 57124021500000001553400000000001N280115000000000000003110000000000000000000000000000000000000000000000295424321000472J MALUCELLI EQUIPAMENTOS S/A            R FREDERICO MENTZ 1017 NAVEGANTES PORTO             90240111*** VALORES EXPRESSOS EM REAIS ***                          000049
100000000000000000000009003250122685113500601329              0000000013500601329000000000002            2  015573      16021500000001243000000000001N210115000000000000002490000000000000000000000000000000000000000000000295424321000472J MALUCELLI EQUIPAMENTOS S/A            R FREDERICO MENTZ 1017 NAVEGANTES PORTO             90240111*** VALORES EXPRESSOS EM REAIS ***                          000050
100000000000000000000009003250122685113500601321              0000000013500601321500000000002            2  015580      16021500000000090000000000001N210115000000000000000180000000000000000000000000000000000000000000000208616961000137LANCA - COMERCIO E LOCACAO DE EQUIPAMENTRUA CORONEL ANDRE BELO 515 MENINO DEUS P            90110020*** VALORES EXPRESSOS EM REAIS ***                          000051
100000000000000000000009003250122685113500601307              0000000013500601307P00000000002            2  014025, 402616021500000002207500000000001N210115000000000000004420000000000000000000000000000000000000000000000206007484000187LOGAL LOGISTICA DE ALIMENTOS LTDA       AV FERNANDO FERRARI 1001 ANCHIETA PORTO             90200041*** VALORES EXPRESSOS EM REAIS ***                          000052
100000000000000000000009003250122685113500601347              0000000013500601347900000000002            2  015626      18021500000000262000000000001N210115000000000000000520000000000000000000000000000000000000000000000206007484000187LOGAL LOGISTICA DE ALIMENTOS LTDA       AV FERNANDO FERRARI 1001 ANCHIETA PORTO             90200041*** VALORES EXPRESSOS EM REAIS ***                          000053
100000000000000000000009003250122685113500601080              0000000013500601080100000000002            2  013920 E 54206021500000000770000000000001N120115060300000000001540000000000000000000000000000000000000000000000287201109000175MADEIREIRA A J REIS LTDA - EPP          AV GETULIO VARGAS 123 CENTRO ELDORADO DO            92990000*** VALORES EXPRESSOS EM REAIS ***                          000054
100000000000000000000009003250122685113500601337              0000000013500601337100000000002            2  014011      16021500000000400000000000001N210115000000000000000800000000000000000000000000000000000000000000000209070016000145MITISUL EQUIPAMENTOS RODOVIARIOS LTDA - ROD RS-118 KM 4 4579 BOA VISTA SAPUCAIA             93230390*** VALORES EXPRESSOS EM REAIS ***                          000055
100000000000000000000009003250122685113500601538              0000000013500601538200000000002            2  015839 E 58409021500000000509000000000001N040215000000000000001020000000000000000000000000000000000000000000000205571144000111NQ ENGENHARIA DE SOLOS E FUNDACOES LTDA RUA FREDERICO MENTZ 600 NAVEGANTES PORTO            90240110*** VALORES EXPRESSOS EM REAIS ***                          000056
100000000000000000000009003250122685113500601539              0000000013500601539000000000002            2  015839 E 58401031500000000509000000000001N040215000000000000001020000000000000000000000000000000000000000000000205571144000111NQ ENGENHARIA DE SOLOS E FUNDACOES LTDA RUA FREDERICO MENTZ 600 NAVEGANTES PORTO            90240110*** VALORES EXPRESSOS EM REAIS ***                          000057
100000000000000000000009003250122685113500601537              0000000013500601537400000000002            2  015839 E 58420041500000000509000000000001N040215000000000000001020000000000000000000000000000000000000000000000205571144000111NQ ENGENHARIA DE SOLOS E FUNDACOES LTDA RUA FREDERICO MENTZ 600 NAVEGANTES PORTO            90240110*** VALORES EXPRESSOS EM REAIS ***                          000058
100000000000000000000009003250122685113500601540              0000000013500601540400000000002            2  015839 E 58416031500000000509000000000001N040215000000000000001020000000000000000000000000000000000000000000000205571144000111NQ ENGENHARIA DE SOLOS E FUNDACOES LTDA RUA FREDERICO MENTZ 600 NAVEGANTES PORTO            90240110*** VALORES EXPRESSOS EM REAIS ***                          000059
100000000000000000000009003250122685113500601541              0000000013500601541200000000002            2  015839 E 58431031500000000509000000000001N040215000000000000001020000000000000000000000000000000000000000000000205571144000111NQ ENGENHARIA DE SOLOS E FUNDACOES LTDA RUA FREDERICO MENTZ 600 NAVEGANTES PORTO            90240110*** VALORES EXPRESSOS EM REAIS ***                          000060
100000000000000000000009003250122685113500601266              0000000013500601266900000000002            2  014022      13021500000000164000000000001N210115000000000000000330000000000000000000000000000000000000000000000207079321001225OPALA CONCRETO LTDA                     R NELSON TEICHMANN 180 DISTRITO INDUSTRI            94930625*** VALORES EXPRESSOS EM REAIS ***                          000061
100000000000000000000009003250122685113500601324              0000000013500601324P00000000002            2  014044      18021500000000420000000000001N210115000000000000000840000000000000000000000000000000000000000000000207079321001225OPALA CONCRETO LTDA                     R NELSON TEICHMANN 180 DISTRITO INDUSTRI            94930625*** VALORES EXPRESSOS EM REAIS ***                          000062
100000000000000000000009003250122685113500601267              0000000013500601267700000000002            2  014037 E 56118021500000000306000000000001N210115000000000000000610000000000000000000000000000000000000000000000207079321001225OPALA CONCRETO LTDA                     R NELSON TEICHMANN 180 DISTRITO INDUSTRI            94930625*** VALORES EXPRESSOS EM REAIS ***                          000063
100000000000000000000009003250122685113500601265              0000000013500601265000000000002            2  015586      13021500000000090000000000001N210115000000000000000180000000000000000000000000000000000000000000000207079321001225OPALA CONCRETO LTDA                     R NELSON TEICHMANN 180 DISTRITO INDUSTRI            94930625*** VALORES EXPRESSOS EM REAIS ***                          000064
100000000000000000000009003250122685113500601268              0000000013500601268500000000002            2  015589      16021500000000290000000000001N210115000000000000000580000000000000000000000000000000000000000000000207079321001225OPALA CONCRETO LTDA                     R NELSON TEICHMANN 180 DISTRITO INDUSTRI            94930625*** VALORES EXPRESSOS EM REAIS ***                          000065
100000000000000000000009003250122685113500601323              0000000013500601323100000000002            2  015620      18021500000000210000000000001N210115000000000000000420000000000000000000000000000000000000000000000207079321001225OPALA CONCRETO LTDA                     R NELSON TEICHMANN 180 DISTRITO INDUSTRI            94930625*** VALORES EXPRESSOS EM REAIS ***                          000066
100000000000000000000009003250122685113500601466              0000000013500601466100000000002            2  014077 E 56520021500000000255000000000001N280115000000000000000510000000000000000000000000000000000000000000000207079321001225OPALA CONCRETO LTDA                     R NELSON TEICHMANN 180 DISTRITO INDUSTRI            94930625*** VALORES EXPRESSOS EM REAIS ***                          000067
100000000000000000000009003250122685113500601465              0000000013500601465300000000002            2  014078 E 56623021500000000496000000000001N280115000000000000000990000000000000000000000000000000000000000000000207079321001225OPALA CONCRETO LTDA                     R NELSON TEICHMANN 180 DISTRITO INDUSTRI            94930625*** VALORES EXPRESSOS EM REAIS ***                          000068
100000000000000000000009003250122685113500601064              0000000013500601064P00000000002            2  063889      06021500000000170000000000001N100115060300000000000340000000000000000000000000000000000000000000000276527951001904PARANA EQUIPAMENTOS S A                 AV DAS INDUSTRIAS 325 SAO JOAO PORTO ALE            90200290*** VALORES EXPRESSOS EM REAIS ***                          000069
100000000000000000000009003250122685113500601351              0000000013500601351700000000002            2  014046      18021500000000580000000000001N210115000000000000001160000000000000000000000000000000000000000000000276527951001904PARANA EQUIPAMENTOS S A                 AV DAS INDUSTRIAS 325 SAO JOAO PORTO ALE            90200290*** VALORES EXPRESSOS EM REAIS ***                          000070
100000000000000000000009003250122685113500601533              0000000013500601533100000000002            2  014170/01   03031500000000475000000000001N030215000000000000000950000000000000000000000000000000000000000000000276527951001904PARANA EQUIPAMENTOS S A                 AV DAS INDUSTRIAS 325 SAO JOAO PORTO ALE            90200290*** VALORES EXPRESSOS EM REAIS ***                          000071
100000000000000000000009003250122685113500601532              0000000013500601532300000000002            2  014170/02   31031500000000475000000000001N030215000000000000000950000000000000000000000000000000000000000000000276527951001904PARANA EQUIPAMENTOS S A                 AV DAS INDUSTRIAS 325 SAO JOAO PORTO ALE            90200290*** VALORES EXPRESSOS EM REAIS ***                          000072
100000000000000000000009003250122685113500601534              0000000013500601534P00000000002            2  014171      03031500000000420000000000001N030215000000000000000840000000000000000000000000000000000000000000000276527951001904PARANA EQUIPAMENTOS S A                 AV DAS INDUSTRIAS 325 SAO JOAO PORTO ALE            90200290*** VALORES EXPRESSOS EM REAIS ***                          000073
100000000000000000000009003250122685113500601349              0000000013500601349500000000002            2  014047 E 56218021500000000845000000000001N210115000000000000001690000000000000000000000000000000000000000000000297061287000100PARCKS COMERCIO DE PECAS PARA EMPILHADEIAV FRANCA 1100 SAO GERALDO PORTO ALEGRE             90230200*** VALORES EXPRESSOS EM REAIS ***                          000074
100000000000000000000009003250122685113500601350              0000000013500601350900000000002            2  014047 E 56204031500000000845000000000001N210115000000000000001690000000000000000000000000000000000000000000000297061287000100PARCKS COMERCIO DE PECAS PARA EMPILHADEIAV FRANCA 1100 SAO GERALDO PORTO ALEGRE             90230200*** VALORES EXPRESSOS EM REAIS ***                          000075
100000000000000000000009003250122685113500601524              0000000013500601524200000000002            2  015788      03031500000000966000000000001N030215000000000000001930000000000000000000000000000000000000000000000292275718000109PAULUZZI PRODUTOS CERAMICOS LTDA        RODOVIA RS 118 7131 PASSO DE SAPUCAIA SA            93230390*** VALORES EXPRESSOS EM REAIS ***                          000076
100000000000000000000009003250122685113500601310              0000000013500601310P00000000002            2  014024 E 55802031500000000523330000000001N210115000000000000001050000000000000000000000000000000000000000000000200246321000170PAVITEC DO BRASIL PAVIMENTADORA TECNICA R NUNES MACHADO 13 AZENHA PORTO ALEGRE R            90130080*** VALORES EXPRESSOS EM REAIS ***                          000077
100000000000000000000009003250122685113500601311              0000000013500601311800000000002            2  014024 E 55816031500000000523330000000001N210115000000000000001050000000000000000000000000000000000000000000000200246321000170PAVITEC DO BRASIL PAVIMENTADORA TECNICA R NUNES MACHADO 13 AZENHA PORTO ALEGRE R            90130080*** VALORES EXPRESSOS EM REAIS ***                          000078
100000000000000000000009003250122685113500601309              0000000013500601309600000000002            2  014024 E 55816021500000000523340000000001N210115000000000000001050000000000000000000000000000000000000000000000200246321000170PAVITEC DO BRASIL PAVIMENTADORA TECNICA R NUNES MACHADO 13 AZENHA PORTO ALEGRE R            90130080*** VALORES EXPRESSOS EM REAIS ***                          000079
100000000000000000000009003250122685113500601313              0000000013500601313400000000002            2  014023 E 55816021500000001027670000000001N210115000000000000002060000000000000000000000000000000000000000000000204256266000150PAVWAY PAVIMENTACAO, CONSTRUCAO E PROJETR MARCILIO DIAS 1269 AZENHA PORTO ALEGRE            90130001*** VALORES EXPRESSOS EM REAIS ***                          000080
100000000000000000000009003250122685113500601314              0000000013500601314200000000002            2  014023 E 55802031500000001027670000000001N210115000000000000002060000000000000000000000000000000000000000000000204256266000150PAVWAY PAVIMENTACAO, CONSTRUCAO E PROJETR MARCILIO DIAS 1269 AZENHA PORTO ALEGRE            90130001*** VALORES EXPRESSOS EM REAIS ***                          000081
100000000000000000000009003250122685113500601315              0000000013500601315000000000002            2  014023 E 55816031500000001027660000000001N210115000000000000002060000000000000000000000000000000000000000000000204256266000150PAVWAY PAVIMENTACAO, CONSTRUCAO E PROJETR MARCILIO DIAS 1269 AZENHA PORTO ALEGRE            90130001*** VALORES EXPRESSOS EM REAIS ***                          000082
100000000000000000000009003250122685113500601345              0000000013500601345200000000002            2  015622      18021500000001100000000000001N210115000000000000002200000000000000000000000000000000000000000000000216873277000169PERFURATEC FUNDACOES LTDA               R VEREADOR ARTHUR MARIANO 1175 FORQUILHI            88106500*** VALORES EXPRESSOS EM REAIS ***                          000083
100000000000000000000009003250122685113500601301              0000000013500601301000000000002            2  0120012015  18021500000005100000000000001N210115000000000000010200000000000000000000000000000000000000000000000229067113010078POLIMIX CONCRETO LTDA                   R JOAO MOREIRA MACIEL S/N VILA DEPREO PO            90250700REFERENTE NOTAS FISCAIS: 4034, 4036, 5608, 5609 E 5610.     000084
100000000000000000000009003250122685113500601171              0000000013500601171900000000002            2  011301/001  10021500000001622000000000001N150115060300000000003240000000000000000000000000000000000000000000000288022348000120PROCON CONSTRUCOES INDUSTRIA E COMERCIO R MANOEL JOSE NASCIMENTO 529 CACHOEIRINH            94930340REF. NFS: 3966, 3965, 5500, 5501, 5502, 5528, 5529, 5530, 55000085
100000000000000000000009003250122685113500601452              0000000013500601452100000000002            2  0126012015  23021500000001936000000000001N280115000000000000003870000000000000000000000000000000000000000000000288022348000120PROCON CONSTRUCOES INDUSTRIA E COMERCIO R MANOEL JOSE NASCIMENTO 529 CACHOEIRINH            94930340*** VALORES EXPRESSOS EM REAIS ***                          000086
100000000000000000000009003250122685113500601453              0000000013500601453P00000000002            2  0127012015  24021500000004001000000000001N280115000000000000008000000000000000000000000000000000000000000000000288022348000120PROCON CONSTRUCOES INDUSTRIA E COMERCIO R MANOEL JOSE NASCIMENTO 529 CACHOEIRINH            94930340*** VALORES EXPRESSOS EM REAIS ***                          000087
100000000000000000000009003250122685113500601082              0000000013500601082800000000002            2  015440      06021500000000158000000000001N120115060300000000000320000000000000000000000000000000000000000000000204813302000130RECICLA PALLETS, INDUSTRIA,COMERCIO E SER LUIS CARDOSO 1331 VILA EUNICE VELHA CA            94920350*** VALORES EXPRESSOS EM REAIS ***                          000088
100000000000000000000009003250122685113500601259              0000000013500601259600000000002            2  014018/01   18021500000000600000000000001N190115000000000000001200000000000000000000000000000000000000000000000210466983000100REITER TRANSPORTES E LOGISTICA LTDA     RUA MAX BLOEDOW 241 FLORESTA NOVA SANTA             92480000*** VALORES EXPRESSOS EM REAIS ***                          000089
100000000000000000000009003250122685113500601260              0000000013500601260P00000000002            2  014018/02   20031500000000600000000000001N190115000000000000001200000000000000000000000000000000000000000000000210466983000100REITER TRANSPORTES E LOGISTICA LTDA     RUA MAX BLOEDOW 241 FLORESTA NOVA SANTA             92480000*** VALORES EXPRESSOS EM REAIS ***                          000090
100000000000000000000009003250122685113500601361              0000000013500601361400000000002            2  015661      23021500000001400000000000001N260115000000000000002800000000000000000000000000000000000000000000000208855956000187RENOVARE INDUSTRIA E COMERCIO DE CARROCEAV MCLANE 1106 SAO LUIZ CANOAS RS                   92420047*** VALORES EXPRESSOS EM REAIS ***                          000091
100000000000000000000009003250122685113500601072              0000000013500601072000000000002            2  013895 E 53818021500000000627500000000001N120115060300000000001260000000000000000000000000000000000000000000000205885285000109RODATECH TRANSPORTES E SERVICOS LTDA - ERUA PADRE FELIPE 1777 CENTRO ESTEIO RS              93265011*** VALORES EXPRESSOS EM REAIS ***                          000092
100000000000000000000009003250122685113500601320              0000000013500601320700000000002            2  015581      16021500000000421000000000001N210115000000000000000840000000000000000000000000000000000000000000000210492887000136RODOBOLL TRANSPORTES LTDA - ME          RUA CONCORDIA 79 NITEROI CANOAS RS                  92120140*** VALORES EXPRESSOS EM REAIS ***                          000093
100000000000000000000009003250122685113500601319              0000000013500601319300000000002            2  014021 E 55816021500000000942000000000001N210115000000000000001880000000000000000000000000000000000000000000000294980943000171SCHERER E SAUER LTDA - ME               R PAGANINI 366 CENTRO NOVA HARTZ RS                 93890000*** VALORES EXPRESSOS EM REAIS ***                          000094
100000000000000000000009003250122685113500601332              0000000013500601332000000000002            2  015569      16021500000000350000000000001N210115000000000000000700000000000000000000000000000000000000000000000206224121000284SHARK MAQUINAS PARA CONSTRUCAO LTDA     AV DAS INDUSTRIAS 1.132 SAO JOAO PORTO A            90200290*** VALORES EXPRESSOS EM REAIS ***                          000095
100000000000000000000009003250122685113500601470              0000000013500601470P00000000002            2  015747      15031500000003860000000000001N290115000000000000007720000000000000000000000000000000000000000000000292753268000112STEMAC SA GRUPOS GERADORES              AV. SERTORIO 905 NAVEGANTES PORTO ALEGRE            91020001*** VALORES EXPRESSOS EM REAIS ***                          000096
100000000000000000000009003250122685113500601338              0000000013500601338P00000000002            2  014010 E 55613021500000002450000000000001N210115000000000000004900000000000000000000000000000000000000000000000292660893000209SULINA DE METAIS SA                     AV DAS INDUSTRIAS 333 DISTRITO INDUSTRIA            96740000*** VALORES EXPRESSOS EM REAIS ***                          000097
100000000000000000000009003250122685113500601339              0000000013500601339800000000002            2  014010 E 55627021500000002450000000000001N210115000000000000004900000000000000000000000000000000000000000000000292660893000209SULINA DE METAIS SA                     AV DAS INDUSTRIAS 333 DISTRITO INDUSTRIA            96740000*** VALORES EXPRESSOS EM REAIS ***                          000098
100000000000000000000009003250122685113500601444              0000000013500601444000000000002            2  014111/01   24021500000000540000000000001N280115000000000000001080000000000000000000000000000000000000000000000292660893000209SULINA DE METAIS SA                     AV DAS INDUSTRIAS 333 DISTRITO INDUSTRIA            96740000*** VALORES EXPRESSOS EM REAIS ***                          000099
100000000000000000000009003250122685113500601445              0000000013500601445900000000002            2  014111/02   24031500000000540000000000001N280115000000000000001080000000000000000000000000000000000000000000000292660893000209SULINA DE METAIS SA                     AV DAS INDUSTRIAS 333 DISTRITO INDUSTRIA            96740000*** VALORES EXPRESSOS EM REAIS ***                          000100
100000000000000000000009003250122685113500601449              0000000013500601449100000000002            2  014114 E 57124021500000000540500000000001N280115000000000000001080000000000000000000000000000000000000000000000292660893000209SULINA DE METAIS SA                     AV DAS INDUSTRIAS 333 DISTRITO INDUSTRIA            96740000*** VALORES EXPRESSOS EM REAIS ***                          000101
100000000000000000000009003250122685113500601450              0000000013500601450500000000002            2  014114 E 57110031500000000540500000000001N280115000000000000001080000000000000000000000000000000000000000000000292660893000209SULINA DE METAIS SA                     AV DAS INDUSTRIAS 333 DISTRITO INDUSTRIA            96740000*** VALORES EXPRESSOS EM REAIS ***                          000102
100000000000000000000009003250122685113500601303              0000000013500601303700000000002            2  014031      18021500000000250000000000001N210115000000000000000500000000000000000000000000000000000000000000000234230979014409SUPERMIX CONCRETO S.A.                  RUA LANSUL S/N TRES PORTOS SAPUCAIA DO S            93212330*** VALORES EXPRESSOS EM REAIS ***                          000103
100000000000000000000009003250122685113500601302              0000000013500601302900000000002            2  015607      18021500000000170000000000001N210115000000000000000340000000000000000000000000000000000000000000000234230979014409SUPERMIX CONCRETO S.A.                  RUA LANSUL S/N TRES PORTOS SAPUCAIA DO S            93212330*** VALORES EXPRESSOS EM REAIS ***                          000104
100000000000000000000009003250122685113500601305              0000000013500601305300000000002            2  014029      18021500000001960000000000001N210115000000000000003920000000000000000000000000000000000000000000000234230979010500SUPERMIX CONCRETO S/A                   RUA JOAO MOREIRA MACIEL 8836 NAVEGANTES             90230210*** VALORES EXPRESSOS EM REAIS ***                          000105
100000000000000000000009003250122685113500601079              0000000013500601079800000000002            2  015442      06021500000000190000000000001N120115060300000000000380000000000000000000000000000000000000000000000234230979010500SUPERMIX CONCRETO S/A                   RUA JOAO MOREIRA MACIEL 8836 NAVEGANTES             90230210*** VALORES EXPRESSOS EM REAIS ***                          000106
100000000000000000000009003250122685113500601076              0000000013500601076300000000002            2  065444      06021500000000090000000000001N120115060300000000000180000000000000000000000000000000000000000000000234230979010500SUPERMIX CONCRETO S/A                   RUA JOAO MOREIRA MACIEL 8836 NAVEGANTES             90230210*** VALORES EXPRESSOS EM REAIS ***                          000107
100000000000000000000009003250122685113500601304              0000000013500601304500000000002            2  015597      18021500000000350000000000001N210115000000000000000700000000000000000000000000000000000000000000000234230979010500SUPERMIX CONCRETO S/A                   RUA JOAO MOREIRA MACIEL 8836 NAVEGANTES             90230210*** VALORES EXPRESSOS EM REAIS ***                          000108
100000000000000000000009003250122685113500601077              0000000013500601077100000000002            2  013935      06021500000000182000000000001N120115060300000000000360000000000000000000000000000000000000000000000234230979010500SUPERMIX CONCRETO S/A                   RUA JOAO MOREIRA MACIEL 8836 NAVEGANTES             90230210*** VALORES EXPRESSOS EM REAIS ***                          000109
100000000000000000000009003250122685113500601078              0000000013500601078P00000000002            2  013934 E 54406021500000000660000000000001N120115060300000000001320000000000000000000000000000000000000000000000234230979010500SUPERMIX CONCRETO S/A                   RUA JOAO MOREIRA MACIEL 8836 NAVEGANTES             90230210*** VALORES EXPRESSOS EM REAIS ***                          000110
100000000000000000000009003250122685113500601440              0000000013500601440800000000002            2  014109      23021500000000410000000000001N280115000000000000000820000000000000000000000000000000000000000000000234230979010500SUPERMIX CONCRETO S/A                   RUA JOAO MOREIRA MACIEL 8836 NAVEGANTES             90230210*** VALORES EXPRESSOS EM REAIS ***                          000111
100000000000000000000009003250122685113500601454              0000000013500601454800000000002            2  014127 E 57423021500000000229000000000001N280115000000000000000460000000000000000000000000000000000000000000000234230979010500SUPERMIX CONCRETO S/A                   RUA JOAO MOREIRA MACIEL 8836 NAVEGANTES             90230210*** VALORES EXPRESSOS EM REAIS ***                          000112
100000000000000000000009003250122685113500601446              0000000013500601446700000000002            2  015712      24021500000000260000000000001N280115000000000000000520000000000000000000000000000000000000000000000294327996000198TECNOSERVICE ENGENHARIA DE INFRA-ESTRUTUAV. BERLIM 29 SAO GERALDO PORTO ALEGRE R            90240581*** VALORES EXPRESSOS EM REAIS ***                          000113
100000000000000000000009003250122685113500601170              0000000013500601170000000000002            2  015535      12021500000000930000000000001N150115060300000000001860000000000000000000000000000000000000000000000206053269000112TECTRANS LOGISTICA LTDA                 RUA NISSIN CASTIEL 385 DISTRITO INDUSTRI            94045420*** VALORES EXPRESSOS EM REAIS ***                          000114
100000000000000000000009003250122685113500601525              0000000013500601525000000000002            2  014172 E 57903031500000000575000000000001N030215000000000000001150000000000000000000000000000000000000000000000288246251000100TRANSEICH ASSESSORIA E TRANSPORTES S/A  AV DAS INDUSTRIAS 389 ANCHIETA PORTO ALE            90200290*** VALORES EXPRESSOS EM REAIS ***                          000115
100000000000000000000009003250122685113500601526              0000000013500601526900000000002            2  014172 E 57918031500000000575000000000001N030215000000000000001150000000000000000000000000000000000000000000000288246251000100TRANSEICH ASSESSORIA E TRANSPORTES S/A  AV DAS INDUSTRIAS 389 ANCHIETA PORTO ALE            90200290*** VALORES EXPRESSOS EM REAIS ***                          000116
100000000000000000000009003250122685113500601527              0000000013500601527700000000002            2  014173, 579403031500000000628000000000001N030215000000000000001260000000000000000000000000000000000000000000000288246251000100TRANSEICH ASSESSORIA E TRANSPORTES S/A  AV DAS INDUSTRIAS 389 ANCHIETA PORTO ALE            90200290*** VALORES EXPRESSOS EM REAIS ***                          000117
100000000000000000000009003250122685113500601073              0000000013500601073900000000002            2  013890 E 53718021500000000512000000000001N120115060300000000001020000000000000000000000000000000000000000000000202599908000199TRANSPORTADORA BENTO GONCALVES LTDA     AV ERNESTO NEUGEBAUER 1050 HUMAITA PORTO            90250140*** VALORES EXPRESSOS EM REAIS ***                          000118
100000000000000000000009003250122685113500601346              0000000013500601346000000000002            2  015621      18021500000000210000000000001N210115000000000000000420000000000000000000000000000000000000000000000203350624000550TRANSPORTE RODOVIARIO DALFAN LTDA       RUA SIMAO KAPPEL 139 BAIRRO NAVEGANTES P            90240210*** VALORES EXPRESSOS EM REAIS ***                          000119
100000000000000000000009003250122685113500601490              0000000013500601490400000000002            2  015763      14021500000006750000000000001N300115000000000000013500000000000000000000000000000000000000000000000287249561000107UNIFERTIL-UNIVERSAL DE FERTILIZANTES S/ARUA GRAVATAI 245 NITEROI CANOAS RS                  92130360*** VALORES EXPRESSOS EM REAIS ***                          000120
100000000000000000000009003250122685113500601045              0000000013500601045300000000002            2  013902 E 53903021500000000591000000000001N100115060300000000001180000000000000000000000000000000000000000000000201140682000109EMPILHAR MAQUINAS E PECAS LTDA - EPP    AV BRASIL 1127 NAVEGANTES PORTO ALEGRE R            90230061*** VALORES EXPRESSOS EM REAIS ***                          000121
9                                                                                                                                                                                                                                                                                                                                                                                                         000122
