01REMESSA01COBRANCA       00000000000004545031ELETROMIX - ENGLERT E SZINVELS237BRADESCO       060115        MX1415341                                                                                                                                                                                                                                                                                     000001
100000000000000000000009003250122685113500601004              0000000013500601004600000000002            2  01ORC000037/09011500000000004000000000001N060115060300000000000010000000000000000000000000000000000000000000000216949616000143ENGLERT E SZINVELSKI AUTO-ELETRICA LTDA.R CONSELHIEIRO TRAVASSOS 368 SAO GERALDO            90230140*** VALORES EXPRESSOS EM REAIS ***                          000002
9                                                                                                                                                                                                                                                                                                                                                                                                         000003
