01REMESSA01COBRANCA       00000000000004545031ELETROMIX - ENGLERT E SZINVELS237BRADESCO       170415        MX1415345                                                                                                                                                                                                                                                                                     000001
100000000000000000000009003250122685113500602371              0000000013500602371700000000002            2  066516      04051500000000320000000000001N260315000000000000000640000000000000000000000000000000000000000000000203342901000150ABACO INCORPORACOES LTDA.               AL 03 DE OUTUBRO 1.400 SARANDI PORTO ALE            91130470*** VALORES EXPRESSOS EM REAIS ***                          000002
100000000000000000000009003250122685113500602662              0000000013500602662700000000002            2  016727      08051500000000287000000000001N140415000000000000000570000000000000000000000000000000000000000000000294668423000128ALEXANDRE DA CUNHA GUARISE              RUA VOLUNTARIOS DA PATRIA 2128 CENTRO PO            90230010*** VALORES EXPRESSOS EM REAIS ***                          000003
100000000000000000000009003250122685113500602328              0000000013500602328800000000002            2  016408/02   30041500000001267500000000001N240315000000000000002540000000000000000000000000000000000000000000000211982978000112ALTOPLAT PLATAFORMAS AEREAS LTDA - EPP  TRAVESSA MARROCOS 46 VILA IPIRANGA PORTO            91370240*** VALORES EXPRESSOS EM REAIS ***                          000004
100000000000000000000009003250122685113500602675              0000000013500602675900000000002            2  016710      08051500000000780000000000001N140415000000000000001560000000000000000000000000000000000000000000000211982978000112ALTOPLAT PLATAFORMAS AEREAS LTDA - EPP  TRAVESSA MARROCOS 46 VILA IPIRANGA PORTO            91370240*** VALORES EXPRESSOS EM REAIS ***                          000005
100000000000000000000009003250122685113500602442              0000000013500602442P00000000002            2  016564/01   29041500000000737000000000001N300315000000000000001470000000000000000000000000000000000000000000000210497319000128AUTOGERADORA - COMERCIO E LOCACAO DE GERAV DAS INDUSTRIAS 275 SAO JOAO PORTO ALE            90200290*** VALORES EXPRESSOS EM REAIS ***                          000006
100000000000000000000009003250122685113500602443              0000000013500602443800000000002            2  016564/02   13051500000000737000000000001N300315000000000000001470000000000000000000000000000000000000000000000210497319000128AUTOGERADORA - COMERCIO E LOCACAO DE GERAV DAS INDUSTRIAS 275 SAO JOAO PORTO ALE            90200290*** VALORES EXPRESSOS EM REAIS ***                          000007
100000000000000000000009003250122685113500602444              0000000013500602444600000000002            2  016564/03   27051500000000737000000000001N300315000000000000001470000000000000000000000000000000000000000000000210497319000128AUTOGERADORA - COMERCIO E LOCACAO DE GERAV DAS INDUSTRIAS 275 SAO JOAO PORTO ALE            90200290*** VALORES EXPRESSOS EM REAIS ***                          000008
100000000000000000000009003250122685113500602289              0000000013500602289300000000002            2  016449/02   04051500000000488000000000001N230315000000000000000980000000000000000000000000000000000000000000000202708249000181BRASFALTO PAVIMENTACAO LTDA             ROD ESTADUAL RS - 118 7483 BOA VISTA SAP            93230390*** VALORES EXPRESSOS EM REAIS ***                          000009
100000000000000000000009003250122685113500602380              0000000013500602380600000000002            2  016506      26041500000000795000000000001N260315000000000000001590000000000000000000000000000000000000000000000200316010001536BRASIF LOCADORA LTDA                    AV DAS INDUSTRIAS 340 DISTRITO INDUSTRIA            94930230*** VALORES EXPRESSOS EM REAIS ***                          000010
100000000000000000000009003250122685113500602659              0000000013500602659700000000002            2  016730      12051500000000485000000000001N140415000000000000000970000000000000000000000000000000000000000000000200316010001536BRASIF LOCADORA LTDA                    AV DAS INDUSTRIAS 340 DISTRITO INDUSTRIA            94930230*** VALORES EXPRESSOS EM REAIS ***                          000011
100000000000000000000009003250122685113500602676              0000000013500602676700000000002            2  016709      12051500000000435000000000001N140415000000000000000870000000000000000000000000000000000000000000000200316010001536BRASIF LOCADORA LTDA                    AV DAS INDUSTRIAS 340 DISTRITO INDUSTRIA            94930230*** VALORES EXPRESSOS EM REAIS ***                          000012
100000000000000000000009003250122685113500602383              0000000013500602383000000000002            2  016502      22041500000000450000000000001N260315000000000000000900000000000000000000000000000000000000000000000292180983000103CARGO EXPRESS TRANSPORTES LTDA - ME     AV PLINIO KROEFF 1350 RUBEM BERTA PORTO             91150170*** VALORES EXPRESSOS EM REAIS ***                          000013
100000000000000000000009003250122685113500602452              0000000013500602452700000000002            2  014688E6572 27041500000000450000000000001N310315000000000000000900000000000000000000000000000000000000000000000292180983000103CARGO EXPRESS TRANSPORTES LTDA - ME     AV PLINIO KROEFF 1350 RUBEM BERTA PORTO             91150170*** VALORES EXPRESSOS EM REAIS ***                          000014
100000000000000000000009003250122685113500602664              0000000013500602664300000000002            2  016725      08051500000000206000000000001N140415000000000000000410000000000000000000000000000000000000000000000200551745000149CH TRANPORTES EIRELI - EPP              R ANGELO DOURADO 475 ANCHIETA PORTO ALEG            90200060*** VALORES EXPRESSOS EM REAIS ***                          000015
100000000000000000000009003250122685113500602486              0000000013500602486100000000002            2  010104      29041500000001450000000000001N020415000000000000002900000000000000000000000000000000000000000000000227701564001694CONCRETO REDIMIX DO BRASIL SA           R DA VARZEA 580 SAO PEDRO PORTO ALEGRE R            91040600*** VALORES EXPRESSOS EM REAIS ***                          000016
100000000000000000000009003250122685113500602315              0000000013500602315600000000002            2  016417      18041500000000420000000000001N240315000000000000000840000000000000000000000000000000000000000000000290063470000944CONPASUL CONSTRUCAO E SERVICOS LTDA     BR 116 KM 284 SN ITAI ELDORADO DO SUL RS            92990000*** VALORES EXPRESSOS EM REAIS ***                          000017
100000000000000000000009003250122685113500602386              0000000013500602386500000000002            2  014626E6491/23041500000000683500000000001N260315000000000000001370000000000000000000000000000000000000000000000290063470000944CONPASUL CONSTRUCAO E SERVICOS LTDA     BR 116 KM 284 SN ITAI ELDORADO DO SUL RS            92990000*** VALORES EXPRESSOS EM REAIS ***                          000018
100000000000000000000009003250122685113500602387              0000000013500602387300000000002            2  014626E6491/23051500000000683500000000001N260315000000000000001370000000000000000000000000000000000000000000000290063470000944CONPASUL CONSTRUCAO E SERVICOS LTDA     BR 116 KM 284 SN ITAI ELDORADO DO SUL RS            92990000*** VALORES EXPRESSOS EM REAIS ***                          000019
100000000000000000000009003250122685113500602646              0000000013500602646500000000002            2  016752      13051500000000270000000000001N140415000000000000000540000000000000000000000000000000000000000000000290063470000197CONPASUL CONSTRUCAO E SERVICOS LTDA     LINHA SANTA RITA S/N SANTA RITA ESTRELA             95880000*** VALORES EXPRESSOS EM REAIS ***                          000020
100000000000000000000009003250122685113500602665              0000000013500602665100000000002            2  016724      08051500000000560000000000001N140415000000000000001120000000000000000000000000000000000000000000000292089176000180CONSTRUMAQ COMERCIO DE TRATORES E MAQUINRUA JOAQUIN SILVEIRA 1165 SAO SEBASTIAO             91060320*** VALORES EXPRESSOS EM REAIS ***                          000021
100000000000000000000009003250122685113500602456              0000000013500602456P00000000002            2  013103/02   30041500000001030000000000001N310315000000000000002060000000000000000000000000000000000000000000000205632202000170CONSTRUTORA SINTRA LTDA                 RUA RICARDO LEONIDAS RIBAS 180 RESTINGA             91790005*** VALORES EXPRESSOS EM REAIS ***                          000022
100000000000000000000009003250122685113500602658              0000000013500602658900000000002            2  014790      11051500000000160000000000001N140415000000000000000320000000000000000000000000000000000000000000000205632202000170CONSTRUTORA SINTRA LTDA                 RUA RICARDO LEONIDAS RIBAS 180 RESTINGA             91790005*** VALORES EXPRESSOS EM REAIS ***                          000023
100000000000000000000009003250122685113500602655              0000000013500602655400000000002            2  016734      11051500000000515000000000001N140415000000000000001030000000000000000000000000000000000000000000000209373953000170DBMAXX LOCACAO DE MAQUINAS E EQUIPAMENTOAV PATRIA 1255 SAO GERALDO PORTO ALEGRE             90230071*** VALORES EXPRESSOS EM REAIS ***                          000024
100000000000000000000009003250122685113500602519              0000000013500602519100000000002            2  014731      04051500000000350000000000001N080415000000000000000700000000000000000000000000000000000000000000000257764763001793DEGRAUS ANDAIMES, MAQUINAS E EQUIPAMENTOR SANTA CATARINA 426 SANTA MARIA GORETTI            91030330*** VALORES EXPRESSOS EM REAIS ***                          000025
100000000000000000000009003250122685113500602520              0000000013500602520500000000002            2  016635/01   06051500000000900000000000001N080415000000000000001800000000000000000000000000000000000000000000000257764763001793DEGRAUS ANDAIMES, MAQUINAS E EQUIPAMENTOR SANTA CATARINA 426 SANTA MARIA GORETTI            91030330*** VALORES EXPRESSOS EM REAIS ***                          000026
100000000000000000000009003250122685113500602521              0000000013500602521300000000002            2  016635/02   05061500000000900000000000001N080415000000000000001800000000000000000000000000000000000000000000000257764763001793DEGRAUS ANDAIMES, MAQUINAS E EQUIPAMENTOR SANTA CATARINA 426 SANTA MARIA GORETTI            91030330*** VALORES EXPRESSOS EM REAIS ***                          000027
100000000000000000000009003250122685113500602445              0000000013500602445400000000002            2  016571      27041500000000350000000000001N300315000000000000000700000000000000000000000000000000000000000000000207636225000188ECO - PROJETOS E CONSTRUCOES LTDA       AV. TEIXEIRA MENDES 1011 CHACARA DAS PED            91330391*** VALORES EXPRESSOS EM REAIS ***                          000028
100000000000000000000009003250122685113500602292              0000000013500602292300000000002            2  014605E6447/04051500000000595000000000001N230315000000000000001190000000000000000000000000000000000000000000000201140682000109EMPILHAR MAQUINAS E PECAS LTDA - EPP    AV BRASIL 1127 NAVEGANTES PORTO ALEGRE R            90230061*** VALORES EXPRESSOS EM REAIS ***                          000029
100000000000000000000009003250122685113500602673              0000000013500602673200000000002            2  016711      08051500000000545000000000001N140415000000000000001090000000000000000000000000000000000000000000000290823246000156EQUIPAMENTOS E LOCACAO JUCELI LTDA - EPPAV. VOLUNTARIOS DA PATRIA 3635 NAVEGANTE            90230011*** VALORES EXPRESSOS EM REAIS ***                          000030
100000000000000000000009003250122685113500602440              0000000013500602440300000000002            2  016557      27041500000000280000000000001N300315000000000000000560000000000000000000000000000000000000000000000293754828000116EXPRESSO NOVA SANTA RITA LTDA - EPP     RUA VENEZA 883 BERTO CIRIO NOVA SANTA RI            92480000*** VALORES EXPRESSOS EM REAIS ***                          000031
100000000000000000000009003250122685113500602379              0000000013500602379200000000002            2  016507      22041500000000620000000000001N260315000000000000001240000000000000000000000000000000000000000000000288276704000132EXPRESSO SB TRANSPORTES E TURISMO LTDA  RUA BARAO DO AMAZONAS 217 CENTRO ENCRUZI            96610000*** VALORES EXPRESSOS EM REAIS ***                          000032
100000000000000000000009003250122685113500602579              0000000013500602579500000000002            2  016674      05051500000000665000000000001N100415000000000000001330000000000000000000000000000000000000000000000288276704000132EXPRESSO SB TRANSPORTES E TURISMO LTDA  RUA BARAO DO AMAZONAS 217 CENTRO ENCRUZI            96610000*** VALORES EXPRESSOS EM REAIS ***                          000033
100000000000000000000009003250122685113500602667              0000000013500602667800000000002            2  016721      08051500000000200000000000001N140415000000000000000400000000000000000000000000000000000000000000000288276704000132EXPRESSO SB TRANSPORTES E TURISMO LTDA  RUA BARAO DO AMAZONAS 217 CENTRO ENCRUZI            96610000*** VALORES EXPRESSOS EM REAIS ***                          000034
100000000000000000000009003250122685113500602487              0000000013500602487P00000000002            2  016594      29041500000000090000000000001N020415000000000000000180000000000000000000000000000000000000000000000278937158000260FERTILIZANTES PIRATINI LTDA             RUA JOAO MOREIRA MACIEL 1656 HUMAITA POR            90250680*** VALORES EXPRESSOS EM REAIS ***                          000035
100000000000000000000009003250122685113500602369              0000000013500602369500000000002            2  016519      22041500000001542000000000001N260315000000000000003080000000000000000000000000000000000000000000000278937158000260FERTILIZANTES PIRATINI LTDA             RUA JOAO MOREIRA MACIEL 1656 HUMAITA POR            90250680*** VALORES EXPRESSOS EM REAIS ***                          000036
100000000000000000000009003250122685113500602647              0000000013500602647300000000002            2  016750      11051500000003688000000000001N140415000000000000007380000000000000000000000000000000000000000000000278937158000260FERTILIZANTES PIRATINI LTDA             RUA JOAO MOREIRA MACIEL 1656 HUMAITA POR            90250680*** VALORES EXPRESSOS EM REAIS ***                          000037
100000000000000000000009003250122685113500602382              0000000013500602382200000000002            2  016504      22041500000000510000000000001N260315000000000000001020000000000000000000000000000000000000000000000215313756000168FJ SUPPLY SERVICO E COMERCIO DE EQUIPAMEAV. JOAO PEREIRA DE VARGAS 3110 A NOVA S            93230210*** VALORES EXPRESSOS EM REAIS ***                          000038
100000000000000000000009003250122685113500602248              0000000013500602248600000000002            2  064575      22041500000000540000000000001N180315000000000000001080000000000000000000000000000000000000000000000219344868000137GENSERVICE MANUTENCAO E COMERCIO DE GRUPAV DAS INDUSTRIAS 275 SAO JOAO PORTO ALE            90200290*** VALORES EXPRESSOS EM REAIS ***                          000039
100000000000000000000009003250122685113500602656              0000000013500602656200000000002            2  016733/01   11051500000000475000000000001N140415000000000000000950000000000000000000000000000000000000000000000287574588000175GEYER ESTAQUEAMENTO LTDA                AV DOS ESTADOS 3007 ANCHIETA PORTO ALEGR            90200001*** VALORES EXPRESSOS EM REAIS ***                          000040
100000000000000000000009003250122685113500602657              0000000013500602657000000000002            2  016733/02   25051500000000475000000000001N140415000000000000000950000000000000000000000000000000000000000000000287574588000175GEYER ESTAQUEAMENTO LTDA                AV DOS ESTADOS 3007 ANCHIETA PORTO ALEGR            90200001*** VALORES EXPRESSOS EM REAIS ***                          000041
100000000000000000000009003250122685113500602529              0000000013500602529900000000002            2  016623      04051500000000842000000000001N080415000000000000001680000000000000000000000000000000000000000000000204781512000940GOLDEN MIX CONCRETO LTDA.               R JOAO MOREIRA MACIEL 1222 HUMAITA PORTO            90250680*** VALORES EXPRESSOS EM REAIS ***                          000042
100000000000000000000009003250122685113500602488              0000000013500602488800000000002            2  016593      29041500000000552000000000001N020415000000000000001100000000000000000000000000000000000000000000000203869232000179GRI - GERENCIAMENTO DE RESIDUOS INDUSTRIAV PRESIDENTE WILSON 1550 MOOCA SAO PAUL            03107001*** VALORES EXPRESSOS EM REAIS ***                          000043
100000000000000000000009003250122685113500602377              0000000013500602377600000000002            2  014630E6497 24041500000000495000000000001N260315000000000000000990000000000000000000000000000000000000000000000288074364000167ICCILA-INDUSTRIA , COMERCIO E CONSTRUCOER JULIO DE CASTILHOS 448 CENTRO ESTRELA             95880000*** VALORES EXPRESSOS EM REAIS ***                          000044
100000000000000000000009003250122685113500602376              0000000013500602376800000000002            2  014641E6509 24041500000000505000000000001N260315000000000000001010000000000000000000000000000000000000000000000288074364000167ICCILA-INDUSTRIA , COMERCIO E CONSTRUCOER JULIO DE CASTILHOS 448 CENTRO ESTRELA             95880000*** VALORES EXPRESSOS EM REAIS ***                          000045
100000000000000000000009003250122685113500602375              0000000013500602375P00000000002            2  014642E6510 24041500000000275000000000001N260315000000000000000550000000000000000000000000000000000000000000000288074364000167ICCILA-INDUSTRIA , COMERCIO E CONSTRUCOER JULIO DE CASTILHOS 448 CENTRO ESTRELA             95880000*** VALORES EXPRESSOS EM REAIS ***                          000046
100000000000000000000009003250122685113500602575              0000000013500602575200000000002            2  014776E6714 10051500000000467000000000001N100415000000000000000930000000000000000000000000000000000000000000000288074364000167ICCILA-INDUSTRIA , COMERCIO E CONSTRUCOER JULIO DE CASTILHOS 448 CENTRO ESTRELA             95880000*** VALORES EXPRESSOS EM REAIS ***                          000047
100000000000000000000009003250122685113500602447              0000000013500602447000000000002            2  016575      27041500000000670000000000001N310315000000000000001340000000000000000000000000000000000000000000000260725975000451IMPORTADORA AMERICANA LTDA              AV BAHIA 459 SAO GERALDO PORTO ALEGRE RS            90240550*** VALORES EXPRESSOS EM REAIS ***                          000048
100000000000000000000009003250122685113500602642              0000000013500602642200000000002            2  016758      12051500000000810000000000001N140415000000000000001620000000000000000000000000000000000000000000000295424321000472J MALUCELLI EQUIPAMENTOS S/A            R FREDERICO MENTZ 1017 NAVEGANTES PORTO             90240111*** VALORES EXPRESSOS EM REAIS ***                          000049
100000000000000000000009003250122685113500602312              0000000013500602312100000000002            2  014586E6421/04051500000000530000000000001N240315000000000000001060000000000000000000000000000000000000000000000208605814000161JBM COMERCIO DE GENEROS ALIMENTICIOS LTDR IRMAO FELIX ROBERTO 45 HUMAITA PORTO A            90250170*** VALORES EXPRESSOS EM REAIS ***                          000050
100000000000000000000009003250122685113500602305              0000000013500602305900000000002            2  014594E6436/04051500000000500000000000001N230315000000000000001000000000000000000000000000000000000000000000000208531546000180KUNZLER MAQUINAS LTDA.                  AV DAS INDUSTRIAS 865-2 ANCHIETA PORTO A            90200290*** VALORES EXPRESSOS EM REAIS ***                          000051
100000000000000000000009003250122685113500602438              0000000013500602438100000000002            2  016559      27041500000000455000000000001N300315000000000000000910000000000000000000000000000000000000000000000208531546000180KUNZLER MAQUINAS LTDA.                  AV DAS INDUSTRIAS 865-2 ANCHIETA PORTO A            90200290*** VALORES EXPRESSOS EM REAIS ***                          000052
100000000000000000000009003250122685113500602674              0000000013500602674000000000002            2  014774      08051500000001500000000000001N140415000000000000003000000000000000000000000000000000000000000000000208531546000180KUNZLER MAQUINAS LTDA.                  AV DAS INDUSTRIAS 865-2 ANCHIETA PORTO A            90200290*** VALORES EXPRESSOS EM REAIS ***                          000053
100000000000000000000009003250122685113500602450              0000000013500602450000000000002            2  016573      27041500000000291000000000001N310315000000000000000580000000000000000000000000000000000000000000000206007484000187LOGAL LOGISTICA DE ALIMENTOS LTDA       AV FERNANDO FERRARI 1001 ANCHIETA PORTO             90200041*** VALORES EXPRESSOS EM REAIS ***                          000054
100000000000000000000009003250122685113500602666              0000000013500602666P00000000002            2  016723      08051500000000365000000000001N140415000000000000000730000000000000000000000000000000000000000000000206007484000187LOGAL LOGISTICA DE ALIMENTOS LTDA       AV FERNANDO FERRARI 1001 ANCHIETA PORTO             90200041*** VALORES EXPRESSOS EM REAIS ***                          000055
100000000000000000000009003250122685113500602435              0000000013500602435700000000002            2  016561      27041500000000285000000000001N300315000000000000000570000000000000000000000000000000000000000000000283675413000101MACROMAQ EQUIPAMENTOS LTDA              BR BR 101 KM 210 S/N PICADAS DO SUL PARA            88106100*** VALORES EXPRESSOS EM REAIS ***                          000056
100000000000000000000009003250122685113500602653              0000000013500602653800000000002            2  014792E6736/11051500000000605000000000001N140415000000000000001210000000000000000000000000000000000000000000000287201109000175MADEIREIRA A J REIS LTDA - EPP          AV GETULIO VARGAS 123 CENTRO ELDORADO DO            92990000*** VALORES EXPRESSOS EM REAIS ***                          000057
100000000000000000000009003250122685113500602654              0000000013500602654600000000002            2  014792E6736/25051500000000605000000000001N140415000000000000001210000000000000000000000000000000000000000000000287201109000175MADEIREIRA A J REIS LTDA - EPP          AV GETULIO VARGAS 123 CENTRO ELDORADO DO            92990000*** VALORES EXPRESSOS EM REAIS ***                          000058
100000000000000000000009003250122685113500602525              0000000013500602525600000000002            2  014724E6630/04051500000000599500000000001N080415000000000000001200000000000000000000000000000000000000000000000287201109000175MADEIREIRA A J REIS LTDA - EPP          AV GETULIO VARGAS 123 CENTRO ELDORADO DO            92990000*** VALORES EXPRESSOS EM REAIS ***                          000059
100000000000000000000009003250122685113500602526              0000000013500602526400000000002            2  014724E6630/18051500000000599500000000001N080415000000000000001200000000000000000000000000000000000000000000000287201109000175MADEIREIRA A J REIS LTDA - EPP          AV GETULIO VARGAS 123 CENTRO ELDORADO DO            92990000*** VALORES EXPRESSOS EM REAIS ***                          000060
100000000000000000000009003250122685113500602437              0000000013500602437300000000002            2  014682      27041500000000950000000000001N300315000000000000001900000000000000000000000000000000000000000000000100053644670072MAIRA KROEFF                            RUA ALVARENGA 482  PORTO ALEGRE RS                  91340320*** VALORES EXPRESSOS EM REAIS ***                          000061
100000000000000000000009003250122685113500602527              0000000013500602527200000000002            2  016625      04051500000000520000000000001N080415000000000000001040000000000000000000000000000000000000000000000212445587000121MERCOBOMBA LOCACAO DE MAQUINAS E EQUIPAMRUA INDEPENDENCIA 662 CENTRO IGREJINHA R            95650000*** VALORES EXPRESSOS EM REAIS ***                          000062
100000000000000000000009003250122685113500602648              0000000013500602648100000000002            2  014799      11051500000000048000000000001N140415000000000000000100000000000000000000000000000000000000000000000212445587000121MERCOBOMBA LOCACAO DE MAQUINAS E EQUIPAMRUA INDEPENDENCIA 662 CENTRO IGREJINHA R            95650000*** VALORES EXPRESSOS EM REAIS ***                          000063
100000000000000000000009003250122685113500602436              0000000013500602436500000000002            2  016563      27041500000000430000000000001N300315000000000000000860000000000000000000000000000000000000000000000227093558001944MILLS ESTRUTURAS E SERVICOS DE ENGENHARIRUA ENGENHEIRO AGRONOMO BONIFACIO CARVAL            94930030*** VALORES EXPRESSOS EM REAIS ***                          000064
100000000000000000000009003250122685113500602522              0000000013500602522100000000002            2  016636      04051500000000815000000000001N080415000000000000001630000000000000000000000000000000000000000000000227093558001944MILLS ESTRUTURAS E SERVICOS DE ENGENHARIRUA ENGENHEIRO AGRONOMO BONIFACIO CARVAL            94930030*** VALORES EXPRESSOS EM REAIS ***                          000065
100000000000000000000009003250122685113500602441              0000000013500602441100000000002            2  014683      27041500000000400000000000001N300315000000000000000800000000000000000000000000000000000000000000000209070016000145MITISUL EQUIPAMENTOS RODOVIARIOS LTDA - ROD RS-118 KM 4 4579 BOA VISTA SAPUCAIA             93230390*** VALORES EXPRESSOS EM REAIS ***                          000066
100000000000000000000009003250122685113500602669              0000000013500602669400000000002            2  014782      08051500000001200000000000001N140415000000000000002400000000000000000000000000000000000000000000000214466966000123MOBILE ENERGIA LTDA - EPP               CALC COPOS DE LEITE 69 CENTRO COMERCIAL             06453047*** VALORES EXPRESSOS EM REAIS ***                          000067
100000000000000000000009003250122685113500602516              0000000013500602516700000000002            2  016663      21041500000000685000000000001N070415000000000000001370000000000000000000000000000000000000000000000268170539000718MOVICARGA S.A.                          AV HUGO GERDAL 176 SAO JORGE SAPUCAIA DO            93212260*** VALORES EXPRESSOS EM REAIS ***                          000068
100000000000000000000009003250122685113500602517              0000000013500602517500000000002            2  014747E6662 05051500000001016000000000001N070415000000000000002030000000000000000000000000000000000000000000000268170539000718MOVICARGA S.A.                          AV HUGO GERDAL 176 SAO JORGE SAPUCAIA DO            93212260*** VALORES EXPRESSOS EM REAIS ***                          000069
100000000000000000000009003250122685113500602388              0000000013500602388100000000002            2  014625E6489 21041500000000222000000000001N260315000000000000000440000000000000000000000000000000000000000000000205571144000111NQ ENGENHARIA DE SOLOS E FUNDACOES LTDA RUA FREDERICO MENTZ 600 NAVEGANTES PORTO            90240110*** VALORES EXPRESSOS EM REAIS ***                          000070
100000000000000000000009003250122685113500602671              0000000013500602671600000000002            2  016718      08051500000000186000000000001N140415000000000000000370000000000000000000000000000000000000000000000205571144000111NQ ENGENHARIA DE SOLOS E FUNDACOES LTDA RUA FREDERICO MENTZ 600 NAVEGANTES PORTO            90240110*** VALORES EXPRESSOS EM REAIS ***                          000071
100000000000000000000009003250122685113500602384              0000000013500602384900000000002            2  014629E6496 22041500000000523000000000001N260315000000000000001050000000000000000000000000000000000000000000000207079321001225OPALA CONCRETO LTDA                     R NELSON TEICHMANN 180 DISTRITO INDUSTRI            94930625*** VALORES EXPRESSOS EM REAIS ***                          000072
100000000000000000000009003250122685113500602652              0000000013500602652P00000000002            2  014794E6739 11051500000001400000000000001N140415000000000000002800000000000000000000000000000000000000000000000207079321001225OPALA CONCRETO LTDA                     R NELSON TEICHMANN 180 DISTRITO INDUSTRI            94930625*** VALORES EXPRESSOS EM REAIS ***                          000073
100000000000000000000009003250122685113500602524              0000000013500602524800000000002            2  014726E6631 04051500000000328000000000001N080415000000000000000660000000000000000000000000000000000000000000000207079321001225OPALA CONCRETO LTDA                     R NELSON TEICHMANN 180 DISTRITO INDUSTRI            94930625*** VALORES EXPRESSOS EM REAIS ***                          000074
100000000000000000000009003250122685113500602501              0000000013500602501900000000002            2  016627      04051500000000560000000000001N060415000000000000001120000000000000000000000000000000000000000000000276527951001904PARANA EQUIPAMENTOS S A                 AV DAS INDUSTRIAS 325 SAO JOAO PORTO ALE            90200290*** VALORES EXPRESSOS EM REAIS ***                          000075
100000000000000000000009003250122685113500602370              0000000013500602370900000000002            2  016517      22041500000000430000000000001N260315000000000000000860000000000000000000000000000000000000000000000276527951001904PARANA EQUIPAMENTOS S A                 AV DAS INDUSTRIAS 325 SAO JOAO PORTO ALE            90200290*** VALORES EXPRESSOS EM REAIS ***                          000076
100000000000000000000009003250122685113500602439              0000000013500602439P00000000002            2  016558      27041500000000640000000000001N300315000000000000001280000000000000000000000000000000000000000000000276527951001904PARANA EQUIPAMENTOS S A                 AV DAS INDUSTRIAS 325 SAO JOAO PORTO ALE            90200290*** VALORES EXPRESSOS EM REAIS ***                          000077
100000000000000000000009003250122685113500602681              0000000013500602681300000000002            2  016759      05051500000000550000000000001N140415000000000000001100000000000000000000000000000000000000000000000276527951003362PARANA EQUIPAMENTOS S A                 ROD BR 386 3960 FLORESTA NOVA SANTA RITA            92480000*** VALORES EXPRESSOS EM REAIS ***                          000078
100000000000000000000009003250122685113500602294              0000000013500602294P00000000002            2  014604E6446/04051500000000692500000000001N230315000000000000001380000000000000000000000000000000000000000000000297061287000100PARCKS COMERCIO DE PECAS PARA EMPILHADEIAV FRANCA 1100 SAO GERALDO PORTO ALEGRE             90230200*** VALORES EXPRESSOS EM REAIS ***                          000079
100000000000000000000009003250122685113500602378              0000000013500602378400000000002            2  016508      22041500000001290000000000001N260315000000000000002580000000000000000000000000000000000000000000000297061287000100PARCKS COMERCIO DE PECAS PARA EMPILHADEIAV FRANCA 1100 SAO GERALDO PORTO ALEGRE             90230200*** VALORES EXPRESSOS EM REAIS ***                          000080
100000000000000000000009003250122685113500602451              0000000013500602451900000000002            2  014689      27041500000000800000000000001N310315000000000000001600000000000000000000000000000000000000000000000297061287000100PARCKS COMERCIO DE PECAS PARA EMPILHADEIAV FRANCA 1100 SAO GERALDO PORTO ALEGRE             90230200*** VALORES EXPRESSOS EM REAIS ***                          000081
100000000000000000000009003250122685113500602490              0000000013500602490P00000000002            2  014707      29041500000000290000000000001N020415000000000000000580000000000000000000000000000000000000000000000297061287000100PARCKS COMERCIO DE PECAS PARA EMPILHADEIAV FRANCA 1100 SAO GERALDO PORTO ALEGRE             90230200*** VALORES EXPRESSOS EM REAIS ***                          000082
100000000000000000000009003250122685113500602680              0000000013500602680500000000002            2  014773      08051500000000800000000000001N140415000000000000001600000000000000000000000000000000000000000000000297061287000100PARCKS COMERCIO DE PECAS PARA EMPILHADEIAV FRANCA 1100 SAO GERALDO PORTO ALEGRE             90230200*** VALORES EXPRESSOS EM REAIS ***                          000083
100000000000000000000009003250122685113500602286              0000000013500602286900000000002            2  014607E6451/14051500000000280000000000001N230315000000000000000560000000000000000000000000000000000000000000000204256266000231PAVWAY PAVIMENTACAO, CONSTRUCAO E PROJETR MARCILIO DIAS 1269 AZENHA PORTO ALEGRE            90130001*** VALORES EXPRESSOS EM REAIS ***                          000084
100000000000000000000009003250122685113500602489              0000000013500602489600000000002            2  0101042015  29041500000001270000000000001N020415000000000000002540000000000000000000000000000000000000000000000288022348000120PROCON CONSTRUCOES INDUSTRIA E COMERCIO R MANOEL JOSE NASCIMENTO 529 CACHOEIRINH            94930340REFERENTE NOTAS FISCAIS N° 6590, 6591 E 6592                000085
100000000000000000000009003250122685113500602385              0000000013500602385700000000002            2  012503      22041500000001292000000000001N260315000000000000002580000000000000000000000000000000000000000000000288022348000120PROCON CONSTRUCOES INDUSTRIA E COMERCIO R MANOEL JOSE NASCIMENTO 529 CACHOEIRINH            94930340*** VALORES EXPRESSOS EM REAIS ***                          000086
100000000000000000000009003250122685113500602584              0000000013500602584100000000002            2  010704/01   27041500000001376840000000001N100415000000000000002750000000000000000000000000000000000000000000000288022348000120PROCON CONSTRUCOES INDUSTRIA E COMERCIO R MANOEL JOSE NASCIMENTO 529 CACHOEIRINH            94930340REFERENTE NOTAS FISCAIS N° 4756, 4757, 4758, 4759, 4760, 476000087
100000000000000000000009003250122685113500602585              0000000013500602585P00000000002            2  010704/02   17051500000001376830000000001N100415000000000000002750000000000000000000000000000000000000000000000288022348000120PROCON CONSTRUCOES INDUSTRIA E COMERCIO R MANOEL JOSE NASCIMENTO 529 CACHOEIRINH            94930340REFERENTE NOTAS FISCAIS N° 4756, 4757, 4758, 4759, 4760, 476000088
100000000000000000000009003250122685113500602586              0000000013500602586800000000002            2  010704/03   06061500000001376830000000001N100415000000000000002750000000000000000000000000000000000000000000000288022348000120PROCON CONSTRUCOES INDUSTRIA E COMERCIO R MANOEL JOSE NASCIMENTO 529 CACHOEIRINH            94930340*** VALORES EXPRESSOS EM REAIS ***                          000089
100000000000000000000009003250122685113500602580              0000000013500602580900000000002            2  014755E6675 05051500000000465000000000001N100415000000000000000930000000000000000000000000000000000000000000000288022348000120PROCON CONSTRUCOES INDUSTRIA E COMERCIO R MANOEL JOSE NASCIMENTO 529 CACHOEIRINH            94930340*** VALORES EXPRESSOS EM REAIS ***                          000090
100000000000000000000009003250122685113500602643              0000000013500602643000000000002            2  016753      11051500000000152500000000001N140415000000000000000300000000000000000000000000000000000000000000000288022348000120PROCON CONSTRUCOES INDUSTRIA E COMERCIO R MANOEL JOSE NASCIMENTO 529 CACHOEIRINH            94930340*** VALORES EXPRESSOS EM REAIS ***                          000091
100000000000000000000009003250122685113500602644              0000000013500602644900000000002            2  014802E6755/11051500000000500000000000001N140415000000000000001000000000000000000000000000000000000000000000000288022348000120PROCON CONSTRUCOES INDUSTRIA E COMERCIO R MANOEL JOSE NASCIMENTO 529 CACHOEIRINH            94930340*** VALORES EXPRESSOS EM REAIS ***                          000092
100000000000000000000009003250122685113500602645              0000000013500602645700000000002            2  014802E6755/08061500000000500000000000001N140415000000000000001000000000000000000000000000000000000000000000000288022348000120PROCON CONSTRUCOES INDUSTRIA E COMERCIO R MANOEL JOSE NASCIMENTO 529 CACHOEIRINH            94930340*** VALORES EXPRESSOS EM REAIS ***                          000093
100000000000000000000009003250122685113500602672              0000000013500602672400000000002            2  016712      08051500000000090000000000001N140415000000000000000180000000000000000000000000000000000000000000000288022348000120PROCON CONSTRUCOES INDUSTRIA E COMERCIO R MANOEL JOSE NASCIMENTO 529 CACHOEIRINH            94930340*** VALORES EXPRESSOS EM REAIS ***                          000094
100000000000000000000009003250122685113500602381              0000000013500602381400000000002            2  014639E6505 22041500000001035000000000001N260315000000000000002070000000000000000000000000000000000000000000000217314329000634R A CATERING LTDA.                      AV. SERTORIO 1.988 SAO JOAO PORTO ALEGRE            91020000*** VALORES EXPRESSOS EM REAIS ***                          000095
100000000000000000000009003250122685113500602677              0000000013500602677500000000002            2  016707      08051500000000595000000000001N140415000000000000001190000000000000000000000000000000000000000000000217314329000634R A CATERING LTDA.                      AV. SERTORIO 1.988 SAO JOAO PORTO ALEGRE            91020000*** VALORES EXPRESSOS EM REAIS ***                          000096
100000000000000000000009003250122685113500602323              0000000013500602323700000000002            2  014583E6412/04051500000000871000000000001N240315000000000000001740000000000000000000000000000000000000000000000205114315000183RESISUL COMERCIO DE PAPEIS LTDA         AV DAS INDUSTRIAS 1060 DISTRITO INDUSTRI            94930230*** VALORES EXPRESSOS EM REAIS ***                          000097
100000000000000000000009003250122685113500602661              0000000013500602661900000000002            2  014786E6728 08051500000000459000000000001N140415000000000000000920000000000000000000000000000000000000000000000205114315000183RESISUL COMERCIO DE PAPEIS LTDA         AV DAS INDUSTRIAS 1060 DISTRITO INDUSTRI            94930230*** VALORES EXPRESSOS EM REAIS ***                          000098
100000000000000000000009003250122685113500602686              0000000013500602686400000000002            2  016790      13051500000000600000000000001N150415000000000000001200000000000000000000000000000000000000000000000205885285000109RODATECH TRANSPORTES E SERVICOS LTDA - ERUA PADRE FELIPE 1777 CENTRO ESTEIO RS              93265011*** VALORES EXPRESSOS EM REAIS ***                          000099
100000000000000000000009003250122685113500602448              0000000013500602448900000000002            2  016574/01   27041500000000502500000000001N310315000000000000001000000000000000000000000000000000000000000000000210492887000136RODOBOLL TRANSPORTES LTDA - ME          RUA CONCORDIA 79 NITEROI CANOAS RS                  92120140*** VALORES EXPRESSOS EM REAIS ***                          000100
100000000000000000000009003250122685113500602449              0000000013500602449700000000002            2  016574/02   11051500000000502500000000001N310315000000000000001000000000000000000000000000000000000000000000000210492887000136RODOBOLL TRANSPORTES LTDA - ME          RUA CONCORDIA 79 NITEROI CANOAS RS                  92120140*** VALORES EXPRESSOS EM REAIS ***                          000101
100000000000000000000009003250122685113500602317              0000000013500602317200000000002            2  016416/02   04051500000000700500000000001N240315000000000000001400000000000000000000000000000000000000000000000261480380000608ROHR S A ESTRUTURAS TUBULARES           AV DAS INDUSTRIAS 280 ANCHIETA PORTO ALE            90200290*** VALORES EXPRESSOS EM REAIS ***                          000102
100000000000000000000009003250122685113500602528              0000000013500602528000000000002            2  016624      04051500000000820000000000001N080415000000000000001640000000000000000000000000000000000000000000000261480380000608ROHR S A ESTRUTURAS TUBULARES           AV DAS INDUSTRIAS 280 ANCHIETA PORTO ALE            90200290*** VALORES EXPRESSOS EM REAIS ***                          000103
100000000000000000000009003250122685113500602373              0000000013500602373300000000002            2  016512      22041500000000156000000000001N260315000000000000000310000000000000000000000000000000000000000000000206224121000284SHARK MAQUINAS PARA CONSTRUCAO LTDA     AV DAS INDUSTRIAS 1.132 SAO JOAO PORTO A            90200290*** VALORES EXPRESSOS EM REAIS ***                          000104
100000000000000000000009003250122685113500602446              0000000013500602446200000000002            2  016565      27041500000000662000000000001N300315000000000000001320000000000000000000000000000000000000000000000292028224000120SOTRIMA AGRICOLA LTDA                   RUA TORQUATO SEVERO 101 ANCHIETA PORTO A            90200210*** VALORES EXPRESSOS EM REAIS ***                          000105
100000000000000000000009003250122685113500602523              0000000013500602523P00000000002            2  010604      04051500000001034500000000001N080415000000000000002070000000000000000000000000000000000000000000000292028224000120SOTRIMA AGRICOLA LTDA                   RUA TORQUATO SEVERO 101 ANCHIETA PORTO A            90200210REFERENTE AS NOTAS FISCAIS: 6632, 6633, 4727 E 4728.        000106
100000000000000000000009003250122685113500602651              0000000013500602651100000000002            2  014795E6742 11051500000000191000000000001N140415000000000000000380000000000000000000000000000000000000000000000292028224000120SOTRIMA AGRICOLA LTDA                   RUA TORQUATO SEVERO 101 ANCHIETA PORTO A            90200210*** VALORES EXPRESSOS EM REAIS ***                          000107
100000000000000000000009003250122685113500602660              0000000013500602660000000000002            2  016729      08051500000000540000000000001N140415000000000000001080000000000000000000000000000000000000000000000292028224000120SOTRIMA AGRICOLA LTDA                   RUA TORQUATO SEVERO 101 ANCHIETA PORTO A            90200210*** VALORES EXPRESSOS EM REAIS ***                          000108
100000000000000000000009003250122685113500602350              0000000013500602350400000000002            2  016487      08051500000000265000000000001N240315000000000000000530000000000000000000000000000000000000000000000292753268000112STEMAC SA GRUPOS GERADORES              AV. SERTORIO 905 NAVEGANTES PORTO ALEGRE            91020001*** VALORES EXPRESSOS EM REAIS ***                          000109
100000000000000000000009003250122685113500602545              0000000013500602545000000000002            2  016693      23051500000003700000000000001N080415000000000000007400000000000000000000000000000000000000000000000292753268000112STEMAC SA GRUPOS GERADORES              AV. SERTORIO 905 NAVEGANTES PORTO ALEGRE            91020001*** VALORES EXPRESSOS EM REAIS ***                          000110
100000000000000000000009003250122685113500602546              0000000013500602546900000000002            2  016694      23051500000000385000000000001N080415000000000000000770000000000000000000000000000000000000000000000292753268000112STEMAC SA GRUPOS GERADORES              AV. SERTORIO 905 NAVEGANTES PORTO ALEGRE            91020001*** VALORES EXPRESSOS EM REAIS ***                          000111
100000000000000000000009003250122685113500602329              0000000013500602329600000000002            2  016486      22041500000000400000000000001N240315000000000000000800000000000000000000000000000000000000000000000203450740000207STOCKMANS MANUTENCAO LTDA - EPP         AV. AMYNTHAS JACQUES DE MORAES 165 HUMAI            90245050*** VALORES EXPRESSOS EM REAIS ***                          000112
100000000000000000000009003250122685113500602299              0000000013500602299000000000002            2  016442/02   04051500000000500000000000001N230315000000000000001000000000000000000000000000000000000000000000000292660893000209SULINA DE METAIS SA                     AV DAS INDUSTRIAS 333 DISTRITO INDUSTRIA            96740000*** VALORES EXPRESSOS EM REAIS ***                          000113
100000000000000000000009003250122685113500602591              0000000013500602591400000000002            2  016692      06051500000000135000000000001N100415000000000000000270000000000000000000000000000000000000000000000234230979014409SUPERMIX CONCRETO S.A.                  RUA LANSUL S/N TRES PORTOS SAPUCAIA DO S            93212330*** VALORES EXPRESSOS EM REAIS ***                          000114
100000000000000000000009003250122685113500602531              0000000013500602531000000000002            2  014721      30041500000000088000000000001N080415000000000000000180000000000000000000000000000000000000000000000234230979014409SUPERMIX CONCRETO S.A.                  RUA LANSUL S/N TRES PORTOS SAPUCAIA DO S            93212330*** VALORES EXPRESSOS EM REAIS ***                          000115
100000000000000000000009003250122685113500602533              0000000013500602533700000000002            2  014722      30041500000000058000000000001N080415000000000000000120000000000000000000000000000000000000000000000234230979014409SUPERMIX CONCRETO S.A.                  RUA LANSUL S/N TRES PORTOS SAPUCAIA DO S            93212330*** VALORES EXPRESSOS EM REAIS ***                          000116
100000000000000000000009003250122685113500602530              0000000013500602530200000000002            2  014754E6672 05051500000000300000000000001N080415000000000000000600000000000000000000000000000000000000000000000234230979014409SUPERMIX CONCRETO S.A.                  RUA LANSUL S/N TRES PORTOS SAPUCAIA DO S            93212330*** VALORES EXPRESSOS EM REAIS ***                          000117
100000000000000000000009003250122685113500602587              0000000013500602587600000000002            2  014764E6689 06051500000001160000000000001N100415000000000000002320000000000000000000000000000000000000000000000234230979014409SUPERMIX CONCRETO S.A.                  RUA LANSUL S/N TRES PORTOS SAPUCAIA DO S            93212330*** VALORES EXPRESSOS EM REAIS ***                          000118
100000000000000000000009003250122685113500602589              0000000013500602589200000000002            2  016690      06051500000000060000000000001N100415000000000000000120000000000000000000000000000000000000000000000234230979010500SUPERMIX CONCRETO S/A                   RUA JOAO MOREIRA MACIEL 8836 NAVEGANTES             90230210*** VALORES EXPRESSOS EM REAIS ***                          000119
100000000000000000000009003250122685113500602532              0000000013500602532900000000002            2  016621      30041500000000090000000000001N080415000000000000000180000000000000000000000000000000000000000000000234230979010500SUPERMIX CONCRETO S/A                   RUA JOAO MOREIRA MACIEL 8836 NAVEGANTES             90230210*** VALORES EXPRESSOS EM REAIS ***                          000120
100000000000000000000009003250122685113500602536              0000000013500602536100000000002            2  016617      30041500000000090000000000001N080415000000000000000180000000000000000000000000000000000000000000000234230979010500SUPERMIX CONCRETO S/A                   RUA JOAO MOREIRA MACIEL 8836 NAVEGANTES             90230210*** VALORES EXPRESSOS EM REAIS ***                          000121
100000000000000000000009003250122685113500602535              0000000013500602535300000000002            2  014720E6618 30041500000000122500000000001N080415000000000000000240000000000000000000000000000000000000000000000234230979010500SUPERMIX CONCRETO S/A                   RUA JOAO MOREIRA MACIEL 8836 NAVEGANTES             90230210*** VALORES EXPRESSOS EM REAIS ***                          000122
100000000000000000000009003250122685113500602534              0000000013500602534500000000002            2  014723E6622 30041500000001280000000000001N080415000000000000002560000000000000000000000000000000000000000000000234230979010500SUPERMIX CONCRETO S/A                   RUA JOAO MOREIRA MACIEL 8836 NAVEGANTES             90230210*** VALORES EXPRESSOS EM REAIS ***                          000123
100000000000000000000009003250122685113500602590              0000000013500602590600000000002            2  014765E6691 06051500000000173000000000001N100415000000000000000350000000000000000000000000000000000000000000000234230979010500SUPERMIX CONCRETO S/A                   RUA JOAO MOREIRA MACIEL 8836 NAVEGANTES             90230210*** VALORES EXPRESSOS EM REAIS ***                          000124
100000000000000000000009003250122685113500602374              0000000013500602374100000000002            2  014643E6511 22041500000000968000000000001N260315000000000000001940000000000000000000000000000000000000000000000206053269000112TECTRANS LOGISTICA LTDA                 RUA NISSIN CASTIEL 385 DISTRITO INDUSTRI            94045420*** VALORES EXPRESSOS EM REAIS ***                          000125
100000000000000000000009003250122685113500602515              0000000013500602515900000000002            2  016652/01   07051500000004255000000000001N070415000000000000008510000000000000000000000000000000000000000000000206053269000112TECTRANS LOGISTICA LTDA                 RUA NISSIN CASTIEL 385 DISTRITO INDUSTRI            94045420*** VALORES EXPRESSOS EM REAIS ***                          000126
100000000000000000000009003250122685113500602514              0000000013500602514000000000002            2  016652/02   05061500000004255000000000001N070415000000000000008510000000000000000000000000000000000000000000000206053269000112TECTRANS LOGISTICA LTDA                 RUA NISSIN CASTIEL 385 DISTRITO INDUSTRI            94045420*** VALORES EXPRESSOS EM REAIS ***                          000127
100000000000000000000009003250122685113500602649              0000000013500602649P00000000002            2  014798E6749 11051500000000881500000000001N140415000000000000001760000000000000000000000000000000000000000000000206053269000112TECTRANS LOGISTICA LTDA                 RUA NISSIN CASTIEL 385 DISTRITO INDUSTRI            94045420*** VALORES EXPRESSOS EM REAIS ***                          000128
100000000000000000000009003250122685113500602367              0000000013500602367900000000002            2  016523      23041500000000350000000000001N260315000000000000000700000000000000000000000000000000000000000000000292314079000143TERRAPLENAGEM ERONI MACHADO LTDA        AV. BELEM VELHO 3666 VILA NOVA PORTO ALE            91740810*** VALORES EXPRESSOS EM REAIS ***                          000129
100000000000000000000009003250122685113500602650              0000000013500602650300000000002            2  016746      11051500000000098000000000001N140415000000000000000200000000000000000000000000000000000000000000000288246251000100TRANSEICH ASSESSORIA E TRANSPORTES S/A  AV DAS INDUSTRIAS 389 ANCHIETA PORTO ALE            90200290*** VALORES EXPRESSOS EM REAIS ***                          000130
100000000000000000000009003250122685113500602678              0000000013500602678300000000002            2  014789E6732 13051500000000354500000000001N140415000000000000000710000000000000000000000000000000000000000000000288246251000100TRANSEICH ASSESSORIA E TRANSPORTES S/A  AV DAS INDUSTRIAS 389 ANCHIETA PORTO ALE            90200290*** VALORES EXPRESSOS EM REAIS ***                          000131
100000000000000000000009003250122685113500602663              0000000013500602663500000000002            2  014785E6726 08051500000000402000000000001N140415000000000000000800000000000000000000000000000000000000000000000293653830000107TRANSPORTADORA PIGATTO LTDA.            AV DAS INDUSTRIAS 275 ANCHIETA PORTO ALE            90200290*** VALORES EXPRESSOS EM REAIS ***                          000132
100000000000000000000009003250122685113500602670              0000000013500602670800000000002            2  014781E6719 08051500000000860000000000001N140415000000000000001720000000000000000000000000000000000000000000000203350624000550TRANSPORTE RODOVIARIO DALFAN LTDA       RUA SIMAO KAPPEL 139 BAIRRO NAVEGANTES P            90240210*** VALORES EXPRESSOS EM REAIS ***                          000133
100000000000000000000009003250122685113500602372              0000000013500602372500000000002            2  014644E6513 22041500000000390000000000001N260315000000000000000780000000000000000000000000000000000000000000000273931628000184TRANSPORTES MAUA LTDA                   R BERTO CIRIO 1524 SAO LUIS CANOAS RS               92420030*** VALORES EXPRESSOS EM REAIS ***                          000134
100000000000000000000009003250122685113500602578              0000000013500602578700000000002            2  016673      05051500000000605000000000001N100415000000000000001210000000000000000000000000000000000000000000000207626346000149W RENTAL LOCADORA DE EQUIPAMENTOS LTDA  AV DAS INDUSTRIAS 1600 BAIRRO INDUSTRIAL            92990000*** VALORES EXPRESSOS EM REAIS ***                          000135
100000000000000000000009003250122685113500602668              0000000013500602668600000000002            2  014783      08051500000001200000000000001N140415000000000000002400000000000000000000000000000000000000000000000207626346000149W RENTAL LOCADORA DE EQUIPAMENTOS LTDA  AV DAS INDUSTRIAS 1600 BAIRRO INDUSTRIAL            92990000*** VALORES EXPRESSOS EM REAIS ***                          000136
9                                                                                                                                                                                                                                                                                                                                                                                                         000137
