01REMESSA01COBRANCA       00000000000004545031ELETROMIX - ENGLERT E SZINVELS237BRADESCO       180215        MX1415343                                                                                                                                                                                                                                                                                     000001
100000000000000000000009003250122685113500601651              0000000013500601651600000000002            2  014230 E 58705031500000001770000000000001N070215000000000000003540000000000000000000000000000000000000000000000294668423000128ALEXANDRE DA CUNHA GUARISE              RUA VOLUNTARIOS DA PATRIA 2128 CENTRO PO            90230010*** VALORES EXPRESSOS EM REAIS ***                          000002
100000000000000000000009003250122685113500601676              0000000013500601676100000000002            2  014249 E 59006031500000000565000000000001N100215000000000000001130000000000000000000000000000000000000000000000294668423000128ALEXANDRE DA CUNHA GUARISE              RUA VOLUNTARIOS DA PATRIA 2128 CENTRO PO            90230010*** VALORES EXPRESSOS EM REAIS ***                          000003
100000000000000000000009003250122685113500601636              0000000013500601636200000000002            2  015876      05031500000000170000000000001N070215000000000000000340000000000000000000000000000000000000000000000227701564001694CONCRETO REDIMIX DO BRASIL SA           R DA VARZEA 580 SAO PEDRO PORTO ALEGRE R            91040600*** VALORES EXPRESSOS EM REAIS ***                          000004
100000000000000000000009003250122685113500601661              0000000013500601661300000000002            2  015866/01   03031500000000427500000000001N090215000000000000000860000000000000000000000000000000000000000000000207636225000188ECO - PROJETOS E CONSTRUCOES LTDA       AV. TEIXEIRA MENDES 1011 CHACARA DAS PED            91330391*** VALORES EXPRESSOS EM REAIS ***                          000005
100000000000000000000009003250122685113500601662              0000000013500601662100000000002            2  015866/02   18031500000000427500000000001N090215000000000000000860000000000000000000000000000000000000000000000207636225000188ECO - PROJETOS E CONSTRUCOES LTDA       AV. TEIXEIRA MENDES 1011 CHACARA DAS PED            91330391*** VALORES EXPRESSOS EM REAIS ***                          000006
100000000000000000000009003250122685113500601691              0000000013500601691500000000002            2  015928      09031500000000917000000000001N100215000000000000001830000000000000000000000000000000000000000000000201140682000109EMPILHAR MAQUINAS E PECAS LTDA - EPP    AV BRASIL 1127 NAVEGANTES PORTO ALEGRE R            90230061*** VALORES EXPRESSOS EM REAIS ***                          000007
100000000000000000000009003250122685113500601639              0000000013500601639700000000002            2  015872/01   05031500000000990000000000001N070215000000000000001980000000000000000000000000000000000000000000000287574588000175GEYER ESTAQUEAMENTO LTDA                AV DOS ESTADOS 3007 ANCHIETA PORTO ALEGR            90200001*** VALORES EXPRESSOS EM REAIS ***                          000008
100000000000000000000009003250122685113500601640              0000000013500601640000000000002            2  015872/02   19031500000000990000000000001N070215000000000000001980000000000000000000000000000000000000000000000287574588000175GEYER ESTAQUEAMENTO LTDA                AV DOS ESTADOS 3007 ANCHIETA PORTO ALEGR            90200001*** VALORES EXPRESSOS EM REAIS ***                          000009
100000000000000000000009003250122685113500601678              0000000013500601678800000000002            2  015902      06031500000000326000000000001N100215000000000000000650000000000000000000000000000000000000000000000287574588000175GEYER ESTAQUEAMENTO LTDA                AV DOS ESTADOS 3007 ANCHIETA PORTO ALEGR            90200001*** VALORES EXPRESSOS EM REAIS ***                          000010
100000000000000000000009003250122685113500601685              0000000013500601685000000000002            2  015932      10031500000000420000000000001N100215000000000000000840000000000000000000000000000000000000000000000220278515000165GILMAR DE SOUZA MANUTENCAO - ME         R JOSE BARCELLOS GARCIA 265 RUBEM BERTA             91250552*** VALORES EXPRESSOS EM REAIS ***                          000011
100000000000000000000009003250122685113500601683              0000000013500601683400000000002            2  015934      10031500000001800000000000001N100215000000000000003600000000000000000000000000000000000000000000000220278515000165GILMAR DE SOUZA MANUTENCAO - ME         R JOSE BARCELLOS GARCIA 265 RUBEM BERTA             91250552*** VALORES EXPRESSOS EM REAIS ***                          000012
100000000000000000000009003250122685113500601699              0000000013500601699000000000002            2  015927      09031500000000310000000000001N100215000000000000000620000000000000000000000000000000000000000000000204781512000940GOLDEN MIX CONCRETO LTDA.               R JOAO MOREIRA MACIEL 1222 HUMAITA PORTO            90250680*** VALORES EXPRESSOS EM REAIS ***                          000013
100000000000000000000009003250122685113500601642              0000000013500601642700000000002            2  014208 E 42005031500000000515000000000001N070215000000000000001030000000000000000000000000000000000000000000000288074364000167ICCILA-INDUSTRIA , COMERCIO E CONSTRUCOER JULIO DE CASTILHOS 448 CENTRO ESTRELA             95880000*** VALORES EXPRESSOS EM REAIS ***                          000014
100000000000000000000009003250122685113500601675              0000000013500601675300000000002            2  014251 E 59011031500000000840000000000001N100215000000000000001680000000000000000000000000000000000000000000000252134798000672INTEC INTEGRACAO NACIONAL DE TRANSPORTESAV. JOAO ELUSTONDO FILHO 475 SARANDI POR            91140450*** VALORES EXPRESSOS EM REAIS ***                          000015
100000000000000000000009003250122685113500601673              0000000013500601673700000000002            2  015912      09031500000001052000000000001N100215000000000000002100000000000000000000000000000000000000000000000295424321000472J MALUCELLI EQUIPAMENTOS S/A            R FREDERICO MENTZ 1017 NAVEGANTES PORTO             90240111*** VALORES EXPRESSOS EM REAIS ***                          000016
100000000000000000000009003250122685113500601686              0000000013500601686900000000002            2  015931      09031500000000074000000000001N100215000000000000000150000000000000000000000000000000000000000000000208605814000161JBM COMERCIO DE GENEROS ALIMENTICIOS LTDR IRMAO FELIX ROBERTO 45 HUMAITA PORTO A            90250170*** VALORES EXPRESSOS EM REAIS ***                          000017
100000000000000000000009003250122685113500601671              0000000013500601671000000000002            2  014252 E 59109031500000000580000000000001N100215000000000000001160000000000000000000000000000000000000000000000208531546000180KUNZLER MAQUINAS LTDA.                  AV DAS INDUSTRIAS 865-2 ANCHIETA PORTO A            90200290*** VALORES EXPRESSOS EM REAIS ***                          000018
100000000000000000000009003250122685113500601672              0000000013500601672900000000002            2  015913      09031500000000690000000000001N100215000000000000001380000000000000000000000000000000000000000000000213698943000181LOCAMAQ LOCACAO E TRANSPORTE LTDA - ME  R ENCANTADO 630 MATHIAS VELHO CANOAS RS             92330410*** VALORES EXPRESSOS EM REAIS ***                          000019
100000000000000000000009003250122685113500601632              0000000013500601632P00000000002            2  014240 E 58805031500000000688000000000001N070215000000000000001380000000000000000000000000000000000000000000000206007484000187LOGAL LOGISTICA DE ALIMENTOS LTDA       AV FERNANDO FERRARI 1001 ANCHIETA PORTO             90200041*** VALORES EXPRESSOS EM REAIS ***                          000020
100000000000000000000009003250122685113500601681              0000000013500601681800000000002            2  015939      10031500000000090000000000001N100215000000000000000180000000000000000000000000000000000000000000000214080822000134LUIZ C. M. DE MELLO - ME                RUA DEZ 27 MATO GRANDE CANOAS RS                    92323080*** VALORES EXPRESSOS EM REAIS ***                          000021
100000000000000000000009003250122685113500601687              0000000013500601687700000000002            2  015930/01   09031500000000500000000000001N100215000000000000001000000000000000000000000000000000000000000000000287201109000175MADEIREIRA A J REIS LTDA - EPP          AV GETULIO VARGAS 123 CENTRO ELDORADO DO            92990000*** VALORES EXPRESSOS EM REAIS ***                          000022
100000000000000000000009003250122685113500601688              0000000013500601688500000000002            2  015930/02   23031500000000500000000000001N100215000000000000001000000000000000000000000000000000000000000000000287201109000175MADEIREIRA A J REIS LTDA - EPP          AV GETULIO VARGAS 123 CENTRO ELDORADO DO            92990000*** VALORES EXPRESSOS EM REAIS ***                          000023
100000000000000000000009003250122685113500601689              0000000013500601689300000000002            2  015930/03   06041500000000500000000000001N100215000000000000001000000000000000000000000000000000000000000000000287201109000175MADEIREIRA A J REIS LTDA - EPP          AV GETULIO VARGAS 123 CENTRO ELDORADO DO            92990000*** VALORES EXPRESSOS EM REAIS ***                          000024
100000000000000000000009003250122685113500601690              0000000013500601690700000000002            2  015930/04   20041500000000500000000000001N100215000000000000001000000000000000000000000000000000000000000000000287201109000175MADEIREIRA A J REIS LTDA - EPP          AV GETULIO VARGAS 123 CENTRO ELDORADO DO            92990000*** VALORES EXPRESSOS EM REAIS ***                          000025
100000000000000000000009003250122685113500601695              0000000013500601695800000000002            2  015924      09031500000000675000000000001N100215000000000000001350000000000000000000000000000000000000000000000212445587000121MERCOBOMBA LOCACAO DE MAQUINAS E EQUIPAMRUA INDEPENDENCIA 662 CENTRO IGREJINHA R            95650000*** VALORES EXPRESSOS EM REAIS ***                          000026
100000000000000000000009003250122685113500601682              0000000013500601682600000000002            2  015938      10031500000000600000000000001N100215000000000000001200000000000000000000000000000000000000000000000209070016000145MITISUL EQUIPAMENTOS RODOVIARIOS LTDA - ROD RS-118 KM 4 4579 BOA VISTA SAPUCAIA             93230390*** VALORES EXPRESSOS EM REAIS ***                          000027
100000000000000000000009003250122685113500601635              0000000013500601635400000000002            2  014234 E 58704031500000000582000000000001N070215000000000000001160000000000000000000000000000000000000000000000207079321001225OPALA CONCRETO LTDA                     R NELSON TEICHMANN 180 DISTRITO INDUSTRI            94930625*** VALORES EXPRESSOS EM REAIS ***                          000028
100000000000000000000009003250122685113500601633              0000000013500601633800000000002            2  014239 E3 5805031500000000179000000000001N070215000000000000000360000000000000000000000000000000000000000000000207079321001225OPALA CONCRETO LTDA                     R NELSON TEICHMANN 180 DISTRITO INDUSTRI            94930625*** VALORES EXPRESSOS EM REAIS ***                          000029
100000000000000000000009003250122685113500601631              0000000013500601631100000000002            2  015870      03031500000000350000000000001N070215000000000000000700000000000000000000000000000000000000000000000207079321001225OPALA CONCRETO LTDA                     R NELSON TEICHMANN 180 DISTRITO INDUSTRI            94930625*** VALORES EXPRESSOS EM REAIS ***                          000030
100000000000000000000009003250122685113500601634              0000000013500601634600000000002            2  015881      05031500000000380000000000001N070215000000000000000760000000000000000000000000000000000000000000000207079321001225OPALA CONCRETO LTDA                     R NELSON TEICHMANN 180 DISTRITO INDUSTRI            94930625*** VALORES EXPRESSOS EM REAIS ***                          000031
100000000000000000000009003250122685113500601692              0000000013500601692300000000002            2  014260      09031500000000590000000000001N100215000000000000001180000000000000000000000000000000000000000000000276527951001904PARANA EQUIPAMENTOS S A                 AV DAS INDUSTRIAS 325 SAO JOAO PORTO ALE            90200290*** VALORES EXPRESSOS EM REAIS ***                          000032
100000000000000000000009003250122685113500601693              0000000013500601693100000000002            2  014259      09031500000001334000000000001N100215000000000000002670000000000000000000000000000000000000000000000276527951001904PARANA EQUIPAMENTOS S A                 AV DAS INDUSTRIAS 325 SAO JOAO PORTO ALE            90200290*** VALORES EXPRESSOS EM REAIS ***                          000033
100000000000000000000009003250122685113500601663              0000000013500601663P00000000002            2  014256 E 59109031500000001209670000000001N090215000000000000002420000000000000000000000000000000000000000000000276527951001904PARANA EQUIPAMENTOS S A                 AV DAS INDUSTRIAS 325 SAO JOAO PORTO ALE            90200290*** VALORES EXPRESSOS EM REAIS ***                          000034
100000000000000000000009003250122685113500601664              0000000013500601664800000000002            2  014256 E 59123031500000001209670000000001N090215000000000000002420000000000000000000000000000000000000000000000276527951001904PARANA EQUIPAMENTOS S A                 AV DAS INDUSTRIAS 325 SAO JOAO PORTO ALE            90200290*** VALORES EXPRESSOS EM REAIS ***                          000035
100000000000000000000009003250122685113500601665              0000000013500601665600000000002            2  014256 E 59106041500000001209660000000001N090215000000000000002420000000000000000000000000000000000000000000000276527951001904PARANA EQUIPAMENTOS S A                 AV DAS INDUSTRIAS 325 SAO JOAO PORTO ALE            90200290*** VALORES EXPRESSOS EM REAIS ***                          000036
100000000000000000000009003250122685113500601694              0000000013500601694P00000000002            2  015926      09031500000000360000000000001N100215000000000000000720000000000000000000000000000000000000000000000276527951001904PARANA EQUIPAMENTOS S A                 AV DAS INDUSTRIAS 325 SAO JOAO PORTO ALE            90200290*** VALORES EXPRESSOS EM REAIS ***                          000037
100000000000000000000009003250122685113500601674              0000000013500601674500000000002            2  015910      09031500000000270000000000001N100215000000000000000540000000000000000000000000000000000000000000000292275718000109PAULUZZI PRODUTOS CERAMICOS LTDA        RODOVIA RS 118 7131 PASSO DE SAPUCAIA SA            93230390*** VALORES EXPRESSOS EM REAIS ***                          000038
100000000000000000000009003250122685113500601630              0000000013500601630300000000002            2  0106022015  06031500000006300000000000001N070215000000000000012600000000000000000000000000000000000000000000000229067113010078POLIMIX CONCRETO LTDA                   R JOAO MOREIRA MACIEL S/N VILA DEPREO PO            90250700REFERENTE NOTAS FISCAIS: 4244, 4245, 5894 E 5895.           000039
100000000000000000000009003250122685113500601710              0000000013500601710500000000002            2  014246 E 58906031500000001110000000000001N110215000000000000002220000000000000000000000000000000000000000000000288022348000120PROCON CONSTRUCOES INDUSTRIA E COMERCIO R MANOEL JOSE NASCIMENTO 529 CACHOEIRINH            94930340*** VALORES EXPRESSOS EM REAIS ***                          000040
100000000000000000000009003250122685113500601711              0000000013500601711300000000002            2  014246 E 58903041500000001110000000000001N110215000000000000002220000000000000000000000000000000000000000000000288022348000120PROCON CONSTRUCOES INDUSTRIA E COMERCIO R MANOEL JOSE NASCIMENTO 529 CACHOEIRINH            94930340*** VALORES EXPRESSOS EM REAIS ***                          000041
100000000000000000000009003250122685113500601712              0000000013500601712100000000002            2  014246 E 58901051500000001110000000000001N110215000000000000002220000000000000000000000000000000000000000000000288022348000120PROCON CONSTRUCOES INDUSTRIA E COMERCIO R MANOEL JOSE NASCIMENTO 529 CACHOEIRINH            94930340*** VALORES EXPRESSOS EM REAIS ***                          000042
100000000000000000000009003250122685113500601707              0000000013500601707500000000002            2  0106022015  06031500000001679000000000001N110215000000000000003360000000000000000000000000000000000000000000000288022348000120PROCON CONSTRUCOES INDUSTRIA E COMERCIO R MANOEL JOSE NASCIMENTO 529 CACHOEIRINH            94930340REFERENTE NOTAS FISCAIS:                                    000043
25896, 5899, 5900, 5901V E 4247                                                                                                                                                                                                                                                                                                                                               0090032501226851135006017075000044
100000000000000000000009003250122685113500601708              0000000013500601708300000000002            2  015897/01   06031500000000605000000000001N110215000000000000001210000000000000000000000000000000000000000000000288022348000120PROCON CONSTRUCOES INDUSTRIA E COMERCIO R MANOEL JOSE NASCIMENTO 529 CACHOEIRINH            94930340*** VALORES EXPRESSOS EM REAIS ***                          000045
100000000000000000000009003250122685113500601709              0000000013500601709100000000002            2  015897/02   03041500000000605000000000001N110215000000000000001210000000000000000000000000000000000000000000000288022348000120PROCON CONSTRUCOES INDUSTRIA E COMERCIO R MANOEL JOSE NASCIMENTO 529 CACHOEIRINH            94930340*** VALORES EXPRESSOS EM REAIS ***                          000046
100000000000000000000009003250122685113500601812              0000000013500601812800000000002            2  015962      11031500000000320000000000001N160215000000000000000640000000000000000000000000000000000000000000000217314329000634R A CATERING LTDA.                      AV. SERTORIO 1.988 SAO JOAO PORTO ALEGRE            91020000*** VALORES EXPRESSOS EM REAIS ***                          000047
100000000000000000000009003250122685113500601696              0000000013500601696600000000002            2  014258 E 59209031500000000837500000000001N100215000000000000001680000000000000000000000000000000000000000000000205114315000183RESISUL COMERCIO DE PAPEIS LTDA         AV DAS INDUSTRIAS 1060 DISTRITO INDUSTRI            94930230*** VALORES EXPRESSOS EM REAIS ***                          000048
100000000000000000000009003250122685113500601697              0000000013500601697400000000002            2  014258 E 59223031500000000837500000000001N100215000000000000001680000000000000000000000000000000000000000000000205114315000183RESISUL COMERCIO DE PAPEIS LTDA         AV DAS INDUSTRIAS 1060 DISTRITO INDUSTRI            94930230*** VALORES EXPRESSOS EM REAIS ***                          000049
100000000000000000000009003250122685113500601637              0000000013500601637000000000002            2  015874      05031500000000760000000000001N070215000000000000001520000000000000000000000000000000000000000000000294980943000171SCHERER E SAUER LTDA - ME               R PAGANINI 366 CENTRO NOVA HARTZ RS                 93890000*** VALORES EXPRESSOS EM REAIS ***                          000050
100000000000000000000009003250122685113500601641              0000000013500601641900000000002            2  0104022015  04031500000003525500000000001N070215000000000000007050000000000000000000000000000000000000000000000292028224000120SOTRIMA AGRICOLA LTDA                   RUA TORQUATO SEVERO 101 ANCHIETA PORTO A            90200210REFERENTE NOTAS FISCAIS: 4224, 4225, 4226, 5859, 5860, 5861,000051
100000000000000000000009003250122685113500601670              0000000013500601670200000000002            2  014253 E 59109031500000000796670000000001N100215000000000000001590000000000000000000000000000000000000000000000292660893000209SULINA DE METAIS SA                     AV DAS INDUSTRIAS 333 DISTRITO INDUSTRIA            96740000*** VALORES EXPRESSOS EM REAIS ***                          000052
100000000000000000000009003250122685113500601668              0000000013500601668000000000002            2  014253 E 59123031500000000796670000000001N100215000000000000001590000000000000000000000000000000000000000000000292660893000209SULINA DE METAIS SA                     AV DAS INDUSTRIAS 333 DISTRITO INDUSTRIA            96740000*** VALORES EXPRESSOS EM REAIS ***                          000053
100000000000000000000009003250122685113500601669              0000000013500601669900000000002            2  014253 E 59106041500000000796660000000001N100215000000000000001590000000000000000000000000000000000000000000000292660893000209SULINA DE METAIS SA                     AV DAS INDUSTRIAS 333 DISTRITO INDUSTRIA            96740000*** VALORES EXPRESSOS EM REAIS ***                          000054
100000000000000000000009003250122685113500601722              0000000013500601722900000000002            2  0111022015  11031500000003961000000000001N110215000000000000007920000000000000000000000000000000000000000000000234230979010500SUPERMIX CONCRETO S/A                   RUA JOAO MOREIRA MACIEL 8836 NAVEGANTES             90230210REFERENTE NOTAS FISCAIS: 4282, 4283, 4284, 5958, 5959 E 5960000055
100000000000000000000009003250122685113500601652              0000000013500601652400000000002            2  014250/01   02031500000001206670000000001N070215000000000000002410000000000000000000000000000000000000000000000206053269000112TECTRANS LOGISTICA LTDA                 RUA NISSIN CASTIEL 385 DISTRITO INDUSTRI            94045420*** VALORES EXPRESSOS EM REAIS ***                          000056
100000000000000000000009003250122685113500601653              0000000013500601653200000000002            2  014250/02   16031500000001206670000000001N070215000000000000002410000000000000000000000000000000000000000000000206053269000112TECTRANS LOGISTICA LTDA                 RUA NISSIN CASTIEL 385 DISTRITO INDUSTRI            94045420*** VALORES EXPRESSOS EM REAIS ***                          000057
100000000000000000000009003250122685113500601654              0000000013500601654000000000002            2  014250/03   30031500000001206660000000001N070215000000000000002410000000000000000000000000000000000000000000000206053269000112TECTRANS LOGISTICA LTDA                 RUA NISSIN CASTIEL 385 DISTRITO INDUSTRI            94045420*** VALORES EXPRESSOS EM REAIS ***                          000058
100000000000000000000009003250122685113500601684              0000000013500601684200000000002            2  015933      10031500000000394500000000001N100215000000000000000790000000000000000000000000000000000000000000000294209079000109TMT SERVICE - TRANSPORTES E LOCACOES LTDRUA JUVENIL PEREIRA FRAGA 9 CAVALHADA PO            91740390*** VALORES EXPRESSOS EM REAIS ***                          000059
100000000000000000000009003250122685113500601698              0000000013500601698200000000002            2  014257 E 59209031500000002568000000000001N100215000000000000005140000000000000000000000000000000000000000000000203350624000550TRANSPORTE RODOVIARIO DALFAN LTDA       RUA SIMAO KAPPEL 139 BAIRRO NAVEGANTES P            90240210*** VALORES EXPRESSOS EM REAIS ***                          000060
100000000000000000000009003250122685113500601677              0000000013500601677P00000000002            2  014248 E 59006031500000000580000000000001N100215000000000000001160000000000000000000000000000000000000000000000287016747000116TRANSPORTES SILVEIRA GOMES LTDA         AV IRINEU CARVALHO BRAGA 2401 BAIRRO FAT            92200380*** VALORES EXPRESSOS EM REAIS ***                          000061
100000000000000000000009003250122685113500601666              0000000013500601666400000000002            2  015925      23021500000001090000000000001N090215000000000000002180000000000000000000000000000000000000000000000287249561000107UNIFERTIL-UNIVERSAL DE FERTILIZANTES S/ARUA GRAVATAI 245 NITEROI CANOAS RS                  92130360*** VALORES EXPRESSOS EM REAIS ***                          000062
1000000000000000000000090032501226851730                      0000000000000000730P00000000002            2  010412/02   16011500000003944000000000001N081214060300000000007890000000000000000000000000000000000000000000000227701564001694CONCRETO REDIMIX DO BRASIL SA           R DA VARZEA 580 SAO PEDRO PORTO ALEGRE R            91040600REF. NFS: 3512, 3513, 3514, 3515, 3504 E 3505(MOD1)         000063
24877, 4887, 4888, 4880 E 4878 (SERVICO0                                                                                                                                                                                                                                                                                                                                      009003250122685100000000730P000064
9                                                                                                                                                                                                                                                                                                                                                                                                         000065
