01REMESSA01COBRANCA       00000000000004545031ELETROMIX - ENGLERT E SZINVELS237BRADESCO       200315        MX1415344                                                                                                                                                                                                                                                                                     000001
100000000000000000000009003250122685113500602096              0000000013500602096300000000002            2  016211      01041500000000370000000000001N050315000000000000000740000000000000000000000000000000000000000000000289155303000197ADELGHI TRANSPORTES LTDA - EPP          RUA ALVARO VAIGA ANDRADE 240 VILA ING PO            91230410*** VALORES EXPRESSOS EM REAIS ***                          000002
100000000000000000000009003250122685113500602074              0000000013500602074200000000002            2  016186      31031500000000499000000000001N040315000000000000001000000000000000000000000000000000000000000000000294668423000128ALEXANDRE DA CUNHA GUARISE              RUA VOLUNTARIOS DA PATRIA 2128 CENTRO PO            90230010*** VALORES EXPRESSOS EM REAIS ***                          000003
100000000000000000000009003250122685113500602145              0000000013500602145500000000002            2  014510E6293 07041500000000475000000000001N120315000000000000000950000000000000000000000000000000000000000000000294668423000128ALEXANDRE DA CUNHA GUARISE              RUA VOLUNTARIOS DA PATRIA 2128 CENTRO PO            90230010*** VALORES EXPRESSOS EM REAIS ***                          000004
100000000000000000000009003250122685113500602087              0000000013500602087400000000002            2  016172      31031500000001290000000000001N050315000000000000002580000000000000000000000000000000000000000000000211982978000112ALTOPLAT PLATAFORMAS AEREAS LTDA - EPP  TRAVESSA MARROCOS 46 VILA IPIRANGA PORTO            91370240*** VALORES EXPRESSOS EM REAIS ***                          000005
100000000000000000000009003250122685113500602129              0000000013500602129300000000002            2  016297      08041500000000690000000000001N110315000000000000001380000000000000000000000000000000000000000000000214147824000101ALVES, FARDIN ENGENHARIA LTDA           RUA INACIO DE CASTILHOS 148 MARECHAL RON            92020370*** VALORES EXPRESSOS EM REAIS ***                          000006
100000000000000000000009003250122685113500602019              0000000013500602019P00000000002            2  016158E6161/25031500000000789750000000001N030315000000000000001580000000000000000000000000000000000000000000000210497319000128AUTOGERADORA - COMERCIO E LOCACAO DE GERAV DAS INDUSTRIAS 275 SAO JOAO PORTO ALE            90200290*** VALORES EXPRESSOS EM REAIS ***                          000007
100000000000000000000009003250122685113500602020              0000000013500602020300000000002            2  016158E6161/08041500000000789750000000001N030315000000000000001580000000000000000000000000000000000000000000000210497319000128AUTOGERADORA - COMERCIO E LOCACAO DE GERAV DAS INDUSTRIAS 275 SAO JOAO PORTO ALE            90200290*** VALORES EXPRESSOS EM REAIS ***                          000008
100000000000000000000009003250122685113500602021              0000000013500602021100000000002            2  016158E6161/22041500000000789750000000001N030315000000000000001580000000000000000000000000000000000000000000000210497319000128AUTOGERADORA - COMERCIO E LOCACAO DE GERAV DAS INDUSTRIAS 275 SAO JOAO PORTO ALE            90200290*** VALORES EXPRESSOS EM REAIS ***                          000009
100000000000000000000009003250122685113500602022              0000000013500602022P00000000002            2  016158E6161/06051500000000789750000000001N030315000000000000001580000000000000000000000000000000000000000000000210497319000128AUTOGERADORA - COMERCIO E LOCACAO DE GERAV DAS INDUSTRIAS 275 SAO JOAO PORTO ALE            90200290*** VALORES EXPRESSOS EM REAIS ***                          000010
100000000000000000000009003250122685113500602076              0000000013500602076900000000002            2  016182      26031500000000340000000000001N040315000000000000000680000000000000000000000000000000000000000000000200316010001536BRASIF LOCADORA LTDA                    AV DAS INDUSTRIAS 340 DISTRITO INDUSTRIA            94930230*** VALORES EXPRESSOS EM REAIS ***                          000011
100000000000000000000009003250122685113500602077              0000000013500602077700000000002            2  016183      26031500000000520000000000001N040315000000000000001040000000000000000000000000000000000000000000000200316010001536BRASIF LOCADORA LTDA                    AV DAS INDUSTRIAS 340 DISTRITO INDUSTRIA            94930230*** VALORES EXPRESSOS EM REAIS ***                          000012
100000000000000000000009003250122685113500602078              0000000013500602078500000000002            2  016184      26031500000000690000000000001N040315000000000000001380000000000000000000000000000000000000000000000200316010001536BRASIF LOCADORA LTDA                    AV DAS INDUSTRIAS 340 DISTRITO INDUSTRIA            94930230*** VALORES EXPRESSOS EM REAIS ***                          000013
100000000000000000000009003250122685113500602133              0000000013500602133100000000002            2  016292      07041500000000465000000000001N120315000000000000000930000000000000000000000000000000000000000000000200316010001536BRASIF LOCADORA LTDA                    AV DAS INDUSTRIAS 340 DISTRITO INDUSTRIA            94930230*** VALORES EXPRESSOS EM REAIS ***                          000014
100000000000000000000009003250122685113500602253              0000000013500602253200000000002            2  014574      17041500000000894000000000001N180315000000000000001790000000000000000000000000000000000000000000000290063470000944CONPASUL CONSTRUCAO E SERVICOS LTDA     BR 116 KM 284 SN ITAI ELDORADO DO SUL RS            92990000*** VALORES EXPRESSOS EM REAIS ***                          000015
100000000000000000000009003250122685113500602073              0000000013500602073400000000002            2  014438E6187 31031500000000710000000000001N040315000000000000001420000000000000000000000000000000000000000000000205632202000170CONSTRUTORA SINTRA LTDA                 RUA RICARDO LEONIDAS RIBAS 180 RESTINGA             91790005*** VALORES EXPRESSOS EM REAIS ***                          000016
100000000000000000000009003250122685113500602193              0000000013500602193500000000002            2  016350      13041500000000580000000000001N160315000000000000001160000000000000000000000000000000000000000000000201534826000101D AGOSTINI INDUSTRIA DE CONCRETO LTDA   EST MARTIM FELIX BERTA 3098 RUBEM BERTA             91270650*** VALORES EXPRESSOS EM REAIS ***                          000017
100000000000000000000009003250122685113500602250              0000000013500602250800000000002            2  016383E6384/15041500000000770000000000001N180315000000000000001540000000000000000000000000000000000000000000000257764763001793DEGRAUS ANDAIMES, MAQUINAS E EQUIPAMENTOR SANTA CATARINA 426 SANTA MARIA GORETTI            91030330*** VALORES EXPRESSOS EM REAIS ***                          000018
100000000000000000000009003250122685113500602251              0000000013500602251600000000002            2  016383E6384/29041500000000770000000000001N180315000000000000001540000000000000000000000000000000000000000000000257764763001793DEGRAUS ANDAIMES, MAQUINAS E EQUIPAMENTOR SANTA CATARINA 426 SANTA MARIA GORETTI            91030330*** VALORES EXPRESSOS EM REAIS ***                          000019
100000000000000000000009003250122685113500602249              0000000013500602249400000000002            2  016383E6384/13051500000000770000000000001N180315000000000000001540000000000000000000000000000000000000000000000257764763001793DEGRAUS ANDAIMES, MAQUINAS E EQUIPAMENTOR SANTA CATARINA 426 SANTA MARIA GORETTI            91030330*** VALORES EXPRESSOS EM REAIS ***                          000020
100000000000000000000009003250122685113500602061              0000000013500602061000000000002            2  016169      30031500000000226000000000001N040315000000000000000450000000000000000000000000000000000000000000000207636225000188ECO - PROJETOS E CONSTRUCOES LTDA       AV. TEIXEIRA MENDES 1011 CHACARA DAS PED            91330391*** VALORES EXPRESSOS EM REAIS ***                          000021
100000000000000000000009003250122685113500602067              0000000013500602067P00000000002            2  016193/01   31031500000000350500000000001N040315000000000000000700000000000000000000000000000000000000000000000201140682000109EMPILHAR MAQUINAS E PECAS LTDA - EPP    AV BRASIL 1127 NAVEGANTES PORTO ALEGRE R            90230061*** VALORES EXPRESSOS EM REAIS ***                          000022
100000000000000000000009003250122685113500602068              0000000013500602068800000000002            2  016193/02   14041500000000350500000000001N040315000000000000000700000000000000000000000000000000000000000000000201140682000109EMPILHAR MAQUINAS E PECAS LTDA - EPP    AV BRASIL 1127 NAVEGANTES PORTO ALEGRE R            90230061*** VALORES EXPRESSOS EM REAIS ***                          000023
100000000000000000000009003250122685113500602143              0000000013500602143900000000002            2  016325      09041500000000340000000000001N120315000000000000000680000000000000000000000000000000000000000000000201140682000109EMPILHAR MAQUINAS E PECAS LTDA - EPP    AV BRASIL 1127 NAVEGANTES PORTO ALEGRE R            90230061*** VALORES EXPRESSOS EM REAIS ***                          000024
100000000000000000000009003250122685113500602199              0000000013500602199400000000002            2  014556E6355 30031500000001085000000000001N160315000000000000002170000000000000000000000000000000000000000000000218454604000173EMPITEC COMERCIO E LOGISTICA LTDA - ME  R SANTA CATARINA 459 SANTA MARIA GORETH             91030000*** VALORES EXPRESSOS EM REAIS ***                          000025
100000000000000000000009003250122685113500602102              0000000013500602102100000000002            2  014442E6195 31031500000000910000000000001N050315000000000000001820000000000000000000000000000000000000000000000203894836000175ENGESF - SONDAGENS E FUNDACOES LTDA - EPAV ASSIS BRASIL 280 PASSO DA AREIA PORTO            91010000*** VALORES EXPRESSOS EM REAIS ***                          000026
100000000000000000000009003250122685113500601901              0000000013500601901900000000002            2  016054/02   06041500000000177500000000001N230215000000000000000360000000000000000000000000000000000000000000000293754828000116EXPRESSO NOVA SANTA RITA LTDA - EPP     RUA VENEZA 883 BERTO CIRIO NOVA SANTA RI            92480000*** VALORES EXPRESSOS EM REAIS ***                          000027
100000000000000000000009003250122685113500602063              0000000013500602063700000000002            2  016196      31031500000003162000000000001N040315000000000000006320000000000000000000000000000000000000000000000278937158000260FERTILIZANTES PIRATINI LTDA             RUA JOAO MOREIRA MACIEL 1656 HUMAITA POR            90250680*** VALORES EXPRESSOS EM REAIS ***                          000028
100000000000000000000009003250122685113500602146              0000000013500602146300000000002            2  016295      07041500000002988000000000001N120315000000000000005980000000000000000000000000000000000000000000000278937158000260FERTILIZANTES PIRATINI LTDA             RUA JOAO MOREIRA MACIEL 1656 HUMAITA POR            90250680*** VALORES EXPRESSOS EM REAIS ***                          000029
100000000000000000000009003250122685113500602080              0000000013500602080700000000002            2  014437E6181/02041500000000575000000000001N040315000000000000001150000000000000000000000000000000000000000000000204164141000109FORMAC ADMINISTRADORA E FORNECEDORA DE MAV SERTORIO 5490 JARDIM LINDOIA PORTO AL            91050370*** VALORES EXPRESSOS EM REAIS ***                          000030
100000000000000000000009003250122685113500602079              0000000013500602079300000000002            2  014437E6181/04051500000000575000000000001N040315000000000000001150000000000000000000000000000000000000000000000204164141000109FORMAC ADMINISTRADORA E FORNECEDORA DE MAV SERTORIO 5490 JARDIM LINDOIA PORTO AL            91050370*** VALORES EXPRESSOS EM REAIS ***                          000031
100000000000000000000009003250122685113500602248              0000000013500602248600000000002            2  014575      15041500000000540000000000001N180315000000000000001080000000000000000000000000000000000000000000000219344868000137GENSERVICE MANUTENCAO E COMERCIO DE GRUPAV DAS INDUSTRIAS 275 SAO JOAO PORTO ALE            90200290*** VALORES EXPRESSOS EM REAIS ***                          000032
100000000000000000000009003250122685113500602086              0000000013500602086600000000002            2  016173      31031500000000636000000000001N050315000000000000001270000000000000000000000000000000000000000000000287574588000175GEYER ESTAQUEAMENTO LTDA                AV DOS ESTADOS 3007 ANCHIETA PORTO ALEGR            90200001*** VALORES EXPRESSOS EM REAIS ***                          000033
100000000000000000000009003250122685113500602147              0000000013500602147100000000002            2  016301      08041500000000355500000000001N120315000000000000000710000000000000000000000000000000000000000000000287574588000175GEYER ESTAQUEAMENTO LTDA                AV DOS ESTADOS 3007 ANCHIETA PORTO ALEGR            90200001*** VALORES EXPRESSOS EM REAIS ***                          000034
100000000000000000000009003250122685113500602072              0000000013500602072600000000002            2  016188      31031500000000445000000000001N040315000000000000000890000000000000000000000000000000000000000000000204781512000940GOLDEN MIX CONCRETO LTDA.               R JOAO MOREIRA MACIEL 1222 HUMAITA PORTO            90250680*** VALORES EXPRESSOS EM REAIS ***                          000035
100000000000000000000009003250122685113500602099              0000000013500602099800000000002            2  016214      01041500000003353000000000001N050315000000000000006710000000000000000000000000000000000000000000000288074364000167ICCILA-INDUSTRIA , COMERCIO E CONSTRUCOER JULIO DE CASTILHOS 448 CENTRO ESTRELA             95880000*** VALORES EXPRESSOS EM REAIS ***                          000036
100000000000000000000009003250122685113500602196              0000000013500602196P00000000002            2  014506E6287/07041500000000857500000000001N160315000000000000001720000000000000000000000000000000000000000000000260725975000451IMPORTADORA AMERICANA LTDA              AV BAHIA 459 SAO GERALDO PORTO ALEGRE RS            90240550*** VALORES EXPRESSOS EM REAIS ***                          000037
100000000000000000000009003250122685113500602197              0000000013500602197800000000002            2  014506E6287/22041500000000857500000000001N160315000000000000001720000000000000000000000000000000000000000000000260725975000451IMPORTADORA AMERICANA LTDA              AV BAHIA 459 SAO GERALDO PORTO ALEGRE RS            90240550*** VALORES EXPRESSOS EM REAIS ***                          000038
100000000000000000000009003250122685113500602093              0000000013500602093900000000002            2  016157      27031500000000450000000000001N050315000000000000000900000000000000000000000000000000000000000000000208925106000108INTERBRASIL GUINDASTES E TRANSPORTES MULR EDU CHAVES 120 SAO JOAO PORTO ALEGRE R            90240620*** VALORES EXPRESSOS EM REAIS ***                          000039
100000000000000000000009003250122685113500601888              0000000013500601888800000000002            2  016063/02   06041500000002215500000000001N230215000000000000004430000000000000000000000000000000000000000000000295424321000472J MALUCELLI EQUIPAMENTOS S/A            R FREDERICO MENTZ 1017 NAVEGANTES PORTO             90240111REFERENTE NOTAS FISCAIS: 6063, 6064, 6068, 6070, 6071, 4350,000040
100000000000000000000009003250122685113500601889              0000000013500601889600000000002            2  016063/03   20041500000002215500000000001N230215000000000000004430000000000000000000000000000000000000000000000295424321000472J MALUCELLI EQUIPAMENTOS S/A            R FREDERICO MENTZ 1017 NAVEGANTES PORTO             90240111REFERENTE NOTAS FISCAIS: 6063, 6064, 6068, 6070, 6071, 4350,000041
100000000000000000000009003250122685113500601890              0000000013500601890P00000000002            2  016063/04   06051500000002215500000000001N230215000000000000004430000000000000000000000000000000000000000000000295424321000472J MALUCELLI EQUIPAMENTOS S/A            R FREDERICO MENTZ 1017 NAVEGANTES PORTO             90240111REFERENTE NOTAS FISCAIS: 6063, 6064, 6068, 6070, 6071, 4350,000042
100000000000000000000009003250122685113500602137              0000000013500602137400000000002            2  016311/01   08041500000001838000000000001N120315000000000000003680000000000000000000000000000000000000000000000295424321000472J MALUCELLI EQUIPAMENTOS S/A            R FREDERICO MENTZ 1017 NAVEGANTES PORTO             90240111*** VALORES EXPRESSOS EM REAIS ***                          000043
100000000000000000000009003250122685113500602138              0000000013500602138200000000002            2  016311/02   22041500000001838000000000001N120315000000000000003680000000000000000000000000000000000000000000000295424321000472J MALUCELLI EQUIPAMENTOS S/A            R FREDERICO MENTZ 1017 NAVEGANTES PORTO             90240111*** VALORES EXPRESSOS EM REAIS ***                          000044
100000000000000000000009003250122685113500602135              0000000013500602135800000000002            2  014511E6299 08041500000000660000000000001N120315000000000000001320000000000000000000000000000000000000000000000291332726000187JUNTAPEL - COMERCIO DE PAPEL LTDA       RUA JOSE ZINGANO 370 AGUAS MORTAS CACHOE            94930280*** VALORES EXPRESSOS EM REAIS ***                          000045
100000000000000000000009003250122685113500602071              0000000013500602071800000000002            2  016189      31031500000000210000000000001N040315000000000000000420000000000000000000000000000000000000000000000213698943000181LOCAMAQ LOCACAO E TRANSPORTE LTDA - ME  R ENCANTADO 630 MATHIAS VELHO CANOAS RS             92330410*** VALORES EXPRESSOS EM REAIS ***                          000046
100000000000000000000009003250122685113500602151              0000000013500602151P00000000002            2  016310      08041500000001310000000000001N120315000000000000002620000000000000000000000000000000000000000000000206007484000187LOGAL LOGISTICA DE ALIMENTOS LTDA       AV FERNANDO FERRARI 1001 ANCHIETA PORTO             90200041*** VALORES EXPRESSOS EM REAIS ***                          000047
100000000000000000000009003250122685113500602144              0000000013500602144700000000002            2  016305      08041500000000397000000000001N120315000000000000000790000000000000000000000000000000000000000000000287201109000175MADEIREIRA A J REIS LTDA - EPP          AV GETULIO VARGAS 123 CENTRO ELDORADO DO            92990000*** VALORES EXPRESSOS EM REAIS ***                          000048
100000000000000000000009003250122685113500602060              0000000013500602060200000000002            2  016198      31031500000000605000000000001N040315000000000000001210000000000000000000000000000000000000000000000100053644670072MAIRA KROEFF                            RUA ALVARENGA 482  PORTO ALEGRE RS                  91340320*** VALORES EXPRESSOS EM REAIS ***                          000049
100000000000000000000009003250122685113500602153              0000000013500602153600000000002            2  016334      08041500000000830000000000001N120315000000000000001660000000000000000000000000000000000000000000000294234275000133MAKENA MAQUINAS EQUIPAMENTOS E LUBRIFICAAV. DAS INDUSTRIAS 260 ANCHIETA PORTO AL            90001970*** VALORES EXPRESSOS EM REAIS ***                          000050
100000000000000000000009003250122685113500602152              0000000013500602152800000000002            2  016335      08041500000000900000000000001N120315000000000000001800000000000000000000000000000000000000000000000227093558002754MILLS ESTRUTURAS E SERVICOS DE ENGENHARIAV ITALIA 2.240 CARREIROS RIO GRANDE RS             96203000*** VALORES EXPRESSOS EM REAIS ***                          000051
100000000000000000000009003250122685113500602148              0000000013500602148P00000000002            2  016309      08041500000000950000000000001N120315000000000000001900000000000000000000000000000000000000000000000227093558002754MILLS ESTRUTURAS E SERVICOS DE ENGENHARIAV ITALIA 2.240 CARREIROS RIO GRANDE RS             96203000*** VALORES EXPRESSOS EM REAIS ***                          000052
100000000000000000000009003250122685113500602154              0000000013500602154400000000002            2  014512E6303 08041500000001070000000000001N120315000000000000002140000000000000000000000000000000000000000000000203565095000340MIR TRANSPORTES E LOGISTICA LTDA        AV AMYNTHAS JACQUES DE MORAES 60 HUMAITA            90245050*** VALORES EXPRESSOS EM REAIS ***                          000053
100000000000000000000009003250122685113500602031              0000000013500602031900000000002            2  014430E6163 30031500000000666000000000001N030315000000000000001330000000000000000000000000000000000000000000000268170539000718MOVICARGA S.A.                          AV HUGO GERDAL 176 SAO JORGE SAPUCAIA DO            93212260*** VALORES EXPRESSOS EM REAIS ***                          000054
100000000000000000000009003250122685113500602052              0000000013500602052100000000002            2  016171/01   30031500000000896000000000001N030315000000000000001790000000000000000000000000000000000000000000000219738671000182MUNDIAL PRESTACAO DE SERVICOS FLORESTAISAV. GETULIO VARGAS 70 CENTRO BUTIA RS               96750000*** VALORES EXPRESSOS EM REAIS ***                          000055
100000000000000000000009003250122685113500602053              0000000013500602053P00000000002            2  016171/02   27041500000000896000000000001N030315000000000000001790000000000000000000000000000000000000000000000219738671000182MUNDIAL PRESTACAO DE SERVICOS FLORESTAISAV. GETULIO VARGAS 70 CENTRO BUTIA RS               96750000*** VALORES EXPRESSOS EM REAIS ***                          000056
100000000000000000000009003250122685113500602009              0000000013500602009200000000002            2  016124/02   10041500000000271000000000001N020315000000000000000540000000000000000000000000000000000000000000000205571144000111NQ ENGENHARIA DE SOLOS E FUNDACOES LTDA RUA FREDERICO MENTZ 600 NAVEGANTES PORTO            90240110*** VALORES EXPRESSOS EM REAIS ***                          000057
100000000000000000000009003250122685113500602010              0000000013500602010600000000002            2  016124/03   24041500000000271000000000001N020315000000000000000540000000000000000000000000000000000000000000000205571144000111NQ ENGENHARIA DE SOLOS E FUNDACOES LTDA RUA FREDERICO MENTZ 600 NAVEGANTES PORTO            90240110*** VALORES EXPRESSOS EM REAIS ***                          000058
100000000000000000000009003250122685113500602098              0000000013500602098P00000000002            2  016209      31031500000000700000000000001N050315000000000000001400000000000000000000000000000000000000000000000205571144000111NQ ENGENHARIA DE SOLOS E FUNDACOES LTDA RUA FREDERICO MENTZ 600 NAVEGANTES PORTO            90240110*** VALORES EXPRESSOS EM REAIS ***                          000059
100000000000000000000009003250122685113500602008              0000000013500602008400000000002            2  016124/01   27031500000000271000000000001N020315000000000000000540000000000000000000000000000000000000000000000205571144000111NQ ENGENHARIA DE SOLOS E FUNDACOES LTDA RUA FREDERICO MENTZ 600 NAVEGANTES PORTO            90240110*** VALORES EXPRESSOS EM REAIS ***                          000060
100000000000000000000009003250122685113500602097              0000000013500602097100000000002            2  016213      01041500000000870000000000001N050315000000000000001740000000000000000000000000000000000000000000000205571144000111NQ ENGENHARIA DE SOLOS E FUNDACOES LTDA RUA FREDERICO MENTZ 600 NAVEGANTES PORTO            90240110*** VALORES EXPRESSOS EM REAIS ***                          000061
100000000000000000000009003250122685113500601913              0000000013500601913200000000002            2  064344/02   15041500000000460000000000001N240215000000000000000920000000000000000000000000000000000000000000000203129314000187OFICINA MECANICA SULDIESEL LTDA.        RUA MARECHAL DEODORO 368 NITEROI CANOAS             92130380*** VALORES EXPRESSOS EM REAIS ***                          000062
100000000000000000000009003250122685113500601914              0000000013500601914000000000002            2  064344/03   05051500000000460000000000001N240215000000000000000920000000000000000000000000000000000000000000000203129314000187OFICINA MECANICA SULDIESEL LTDA.        RUA MARECHAL DEODORO 368 NITEROI CANOAS             92130380*** VALORES EXPRESSOS EM REAIS ***                          000063
100000000000000000000009003250122685113500602136              0000000013500602136600000000002            2  016304      08041500000000380000000000001N120315000000000000000760000000000000000000000000000000000000000000000207079321001225OPALA CONCRETO LTDA                     R NELSON TEICHMANN 180 DISTRITO INDUSTRI            94930625*** VALORES EXPRESSOS EM REAIS ***                          000064
100000000000000000000009003250122685113500602082              0000000013500602082300000000002            2  014433E6176 30031500000000295000000000001N040315000000000000000590000000000000000000000000000000000000000000000207079321001225OPALA CONCRETO LTDA                     R NELSON TEICHMANN 180 DISTRITO INDUSTRI            94930625*** VALORES EXPRESSOS EM REAIS ***                          000065
100000000000000000000009003250122685113500602081              0000000013500602081500000000002            2  014434E6177 31031500000000178000000000001N040315000000000000000360000000000000000000000000000000000000000000000207079321001225OPALA CONCRETO LTDA                     R NELSON TEICHMANN 180 DISTRITO INDUSTRI            94930625*** VALORES EXPRESSOS EM REAIS ***                          000066
100000000000000000000009003250122685113500602125              0000000013500602125000000000002            2  016280      07041500000000670000000000001N100315000000000000001340000000000000000000000000000000000000000000000276527951001904PARANA EQUIPAMENTOS S A                 AV DAS INDUSTRIAS 325 SAO JOAO PORTO ALE            90200290*** VALORES EXPRESSOS EM REAIS ***                          000067
100000000000000000000009003250122685113500602090              0000000013500602090400000000002            2  014431E6164/30031500000001000000000000001N050315000000000000002000000000000000000000000000000000000000000000000276527951001904PARANA EQUIPAMENTOS S A                 AV DAS INDUSTRIAS 325 SAO JOAO PORTO ALE            90200290*** VALORES EXPRESSOS EM REAIS ***                          000068
100000000000000000000009003250122685113500602091              0000000013500602091200000000002            2  014431E6164/13041500000001000000000000001N050315000000000000002000000000000000000000000000000000000000000000000276527951001904PARANA EQUIPAMENTOS S A                 AV DAS INDUSTRIAS 325 SAO JOAO PORTO ALE            90200290*** VALORES EXPRESSOS EM REAIS ***                          000069
100000000000000000000009003250122685113500602092              0000000013500602092000000000002            2  014431E6164/27041500000001000000000000001N050315000000000000002000000000000000000000000000000000000000000000000276527951001904PARANA EQUIPAMENTOS S A                 AV DAS INDUSTRIAS 325 SAO JOAO PORTO ALE            90200290*** VALORES EXPRESSOS EM REAIS ***                          000070
100000000000000000000009003250122685113500602247              0000000013500602247800000000002            2  016382      15041500000000495000000000001N180315000000000000000990000000000000000000000000000000000000000000000276527951001904PARANA EQUIPAMENTOS S A                 AV DAS INDUSTRIAS 325 SAO JOAO PORTO ALE            90200290*** VALORES EXPRESSOS EM REAIS ***                          000071
100000000000000000000009003250122685113500601909              0000000013500601909400000000002            2  014340E6046/02041500000000790000000000001N230215000000000000001580000000000000000000000000000000000000000000000297061287000100PARCKS COMERCIO DE PECAS PARA EMPILHADEIAV FRANCA 1100 SAO GERALDO PORTO ALEGRE             90230200*** VALORES EXPRESSOS EM REAIS ***                          000072
100000000000000000000009003250122685113500602084              0000000013500602084P00000000002            2  014432E6175/31031500000000717500000000001N050315000000000000001440000000000000000000000000000000000000000000000297061287000100PARCKS COMERCIO DE PECAS PARA EMPILHADEIAV FRANCA 1100 SAO GERALDO PORTO ALEGRE             90230200*** VALORES EXPRESSOS EM REAIS ***                          000073
100000000000000000000009003250122685113500602085              0000000013500602085800000000002            2  014432E6175/14041500000000717500000000001N050315000000000000001440000000000000000000000000000000000000000000000297061287000100PARCKS COMERCIO DE PECAS PARA EMPILHADEIAV FRANCA 1100 SAO GERALDO PORTO ALEGRE             90230200*** VALORES EXPRESSOS EM REAIS ***                          000074
100000000000000000000009003250122685113500602149              0000000013500602149800000000002            2  016316      08041500000001685000000000001N120315000000000000003370000000000000000000000000000000000000000000000297061287000100PARCKS COMERCIO DE PECAS PARA EMPILHADEIAV FRANCA 1100 SAO GERALDO PORTO ALEGRE             90230200*** VALORES EXPRESSOS EM REAIS ***                          000075
100000000000000000000009003250122685113500602088              0000000013500602088200000000002            2  016166/01   31031500000000760000000000001N050315000000000000001520000000000000000000000000000000000000000000000292275718000109PAULUZZI PRODUTOS CERAMICOS LTDA        RODOVIA RS 118 7131 PASSO DE SAPUCAIA SA            93230390*** VALORES EXPRESSOS EM REAIS ***                          000076
100000000000000000000009003250122685113500602089              0000000013500602089000000000002            2  016166/02   14041500000000760000000000001N050315000000000000001520000000000000000000000000000000000000000000000292275718000109PAULUZZI PRODUTOS CERAMICOS LTDA        RODOVIA RS 118 7131 PASSO DE SAPUCAIA SA            93230390*** VALORES EXPRESSOS EM REAIS ***                          000077
100000000000000000000009003250122685113500601932              0000000013500601932900000000002            2  014391E6111/25031500000000440000000000001N250215000000000000000880000000000000000000000000000000000000000000000200246321000170PAVITEC DO BRASIL PAVIMENTADORA TECNICA R NUNES MACHADO 13 AZENHA PORTO ALEGRE R            90130080*** VALORES EXPRESSOS EM REAIS ***                          000078
100000000000000000000009003250122685113500601933              0000000013500601933700000000002            2  014391E6111/22041500000000440000000000001N250215000000000000000880000000000000000000000000000000000000000000000200246321000170PAVITEC DO BRASIL PAVIMENTADORA TECNICA R NUNES MACHADO 13 AZENHA PORTO ALEGRE R            90130080*** VALORES EXPRESSOS EM REAIS ***                          000079
100000000000000000000009003250122685113500601936              0000000013500601936100000000002            2  014393E6112/25031500000000261500000000001N250215000000000000000520000000000000000000000000000000000000000000000204256266000231PAVWAY PAVIMENTACAO, CONSTRUCAO E PROJETR MARCILIO DIAS 1269 AZENHA PORTO ALEGRE            90130001*** VALORES EXPRESSOS EM REAIS ***                          000080
100000000000000000000009003250122685113500601937              0000000013500601937P00000000002            2  014393E6112/22041500000000261500000000001N250215000000000000000520000000000000000000000000000000000000000000000204256266000231PAVWAY PAVIMENTACAO, CONSTRUCAO E PROJETR MARCILIO DIAS 1269 AZENHA PORTO ALEGRE            90130001*** VALORES EXPRESSOS EM REAIS ***                          000081
100000000000000000000009003250122685113500601934              0000000013500601934500000000002            2  014394E6115/25031500000001335000000000001N250215000000000000002670000000000000000000000000000000000000000000000204256266000231PAVWAY PAVIMENTACAO, CONSTRUCAO E PROJETR MARCILIO DIAS 1269 AZENHA PORTO ALEGRE            90130001*** VALORES EXPRESSOS EM REAIS ***                          000082
100000000000000000000009003250122685113500601935              0000000013500601935300000000002            2  014394E6115/22041500000001335000000000001N250215000000000000002670000000000000000000000000000000000000000000000204256266000231PAVWAY PAVIMENTACAO, CONSTRUCAO E PROJETR MARCILIO DIAS 1269 AZENHA PORTO ALEGRE            90130001*** VALORES EXPRESSOS EM REAIS ***                          000083
100000000000000000000009003250122685113500601938              0000000013500601938800000000002            2  016117      24031500000000490000000000001N250215000000000000000980000000000000000000000000000000000000000000000289171201000165PONTES DISTRIBUIDORA DE MAQUINAS EQUIPAMRUA ANTONIO RONNA 39 ANCHIETA PORTO ALEG            90200010*** VALORES EXPRESSOS EM REAIS ***                          000084
100000000000000000000009003250122685113500602266              0000000013500602266400000000002            2  016406      16041500000000970000000000001N190315000000000000001940000000000000000000000000000000000000000000000289171201000165PONTES DISTRIBUIDORA DE MAQUINAS EQUIPAMRUA ANTONIO RONNA 39 ANCHIETA PORTO ALEG            90200010*** VALORES EXPRESSOS EM REAIS ***                          000085
100000000000000000000009003250122685113500602002              0000000013500602002500000000002            2  012702/001  27031500000001388000000000001N270215000000000000002780000000000000000000000000000000000000000000000288022348000120PROCON CONSTRUCOES INDUSTRIA E COMERCIO R MANOEL JOSE NASCIMENTO 529 CACHOEIRINH            94930340REFERENTE NOTAS FISCAIS: 4398, 4401, 4402, 4403, 4404, 6125,000086
100000000000000000000009003250122685113500602130              0000000013500602130700000000002            2  011301      25031500000001000000000000001N120315000000000000002000000000000000000000000000000000000000000000000288022348000120PROCON CONSTRUCOES INDUSTRIA E COMERCIO R MANOEL JOSE NASCIMENTO 529 CACHOEIRINH            94930340*** VALORES EXPRESSOS EM REAIS ***                          000087
100000000000000000000009003250122685113500602139              0000000013500602139000000000002            2  014521E6315/10041500000001050000000000001N120315000000000000002100000000000000000000000000000000000000000000000288022348000120PROCON CONSTRUCOES INDUSTRIA E COMERCIO R MANOEL JOSE NASCIMENTO 529 CACHOEIRINH            94930340*** VALORES EXPRESSOS EM REAIS ***                          000088
100000000000000000000009003250122685113500602140              0000000013500602140400000000002            2  014521E6315/08051500000001050000000000001N120315000000000000002100000000000000000000000000000000000000000000000288022348000120PROCON CONSTRUCOES INDUSTRIA E COMERCIO R MANOEL JOSE NASCIMENTO 529 CACHOEIRINH            94930340*** VALORES EXPRESSOS EM REAIS ***                          000089
100000000000000000000009003250122685113500602141              0000000013500602141200000000002            2  014521E6315/07061500000001050000000000001N120315000000000000002100000000000000000000000000000000000000000000000288022348000120PROCON CONSTRUCOES INDUSTRIA E COMERCIO R MANOEL JOSE NASCIMENTO 529 CACHOEIRINH            94930340*** VALORES EXPRESSOS EM REAIS ***                          000090
100000000000000000000009003250122685113500602142              0000000013500602142000000000002            2  014521E6315/07071500000001050000000000001N120315000000000000002100000000000000000000000000000000000000000000000288022348000120PROCON CONSTRUCOES INDUSTRIA E COMERCIO R MANOEL JOSE NASCIMENTO 529 CACHOEIRINH            94930340*** VALORES EXPRESSOS EM REAIS ***                          000091
100000000000000000000009003250122685113500602246              0000000013500602246P00000000002            2  0118032015  15041500000003905000000000001N180315000000000000007810000000000000000000000000000000000000000000000288022348000120PROCON CONSTRUCOES INDUSTRIA E COMERCIO R MANOEL JOSE NASCIMENTO 529 CACHOEIRINH            94930340*** VALORES EXPRESSOS EM REAIS ***                          000092
100000000000000000000009003250122685113500601903              0000000013500601903500000000002            2  066053      07041500000000380000000000001N230215000000000000000760000000000000000000000000000000000000000000000208347616000145RENTALSUL LOCACOES LTDA - EPP           R BERTO CIRIO 1380 SAO LUIS CANOAS RS               92420030*** VALORES EXPRESSOS EM REAIS ***                          000093
100000000000000000000009003250122685113500602062              0000000013500602062900000000002            2  016197      31031500000000248000000000001N040315000000000000000500000000000000000000000000000000000000000000000205114315000183RESISUL COMERCIO DE PAPEIS LTDA         AV DAS INDUSTRIAS 1060 DISTRITO INDUSTRI            94930230*** VALORES EXPRESSOS EM REAIS ***                          000094
100000000000000000000009003250122685113500602065              0000000013500602065300000000002            2  014441E6194/31031500000000572500000000001N040315000000000000001140000000000000000000000000000000000000000000000210492887000136RODOBOLL TRANSPORTES LTDA - ME          RUA CONCORDIA 79 NITEROI CANOAS RS                  92120140*** VALORES EXPRESSOS EM REAIS ***                          000095
100000000000000000000009003250122685113500602066              0000000013500602066100000000002            2  014441E6194/14041500000000572500000000001N040315000000000000001140000000000000000000000000000000000000000000000210492887000136RODOBOLL TRANSPORTES LTDA - ME          RUA CONCORDIA 79 NITEROI CANOAS RS                  92120140*** VALORES EXPRESSOS EM REAIS ***                          000096
100000000000000000000009003250122685113500602018              0000000013500602018100000000002            2  016174      31031500000000850000000000001N030315000000000000001700000000000000000000000000000000000000000000000261480380000608ROHR S A ESTRUTURAS TUBULARES           AV DAS INDUSTRIAS 280 ANCHIETA PORTO ALE            90200290*** VALORES EXPRESSOS EM REAIS ***                          000097
100000000000000000000009003250122685113500601885              0000000013500601885300000000002            2  014356      25031500000001690000000000001N230215000000000000003380000000000000000000000000000000000000000000000205089265000393SCANCOM DO BRASIL LTDA.                 ENG. EMANOEL MOURA RYBU 160 SANTA ALBINA            96755000*** VALORES EXPRESSOS EM REAIS ***                          000098
100000000000000000000009003250122685113500602075              0000000013500602075000000000002            2  016185      31031500000000680000000000001N040315000000000000001360000000000000000000000000000000000000000000000205089265000393SCANCOM DO BRASIL LTDA.                 ENG. EMANOEL MOURA RYBU 160 SANTA ALBINA            96755000*** VALORES EXPRESSOS EM REAIS ***                          000099
100000000000000000000009003250122685113500602131              0000000013500602131500000000002            2  016320      08041500000000356000000000001N120315000000000000000710000000000000000000000000000000000000000000000292028224000120SOTRIMA AGRICOLA LTDA                   RUA TORQUATO SEVERO 101 ANCHIETA PORTO A            90200210*** VALORES EXPRESSOS EM REAIS ***                          000100
100000000000000000000009003250122685113500602069              0000000013500602069600000000002            2  014440E6192 31031500000000479000000000001N040315000000000000000960000000000000000000000000000000000000000000000292028224000120SOTRIMA AGRICOLA LTDA                   RUA TORQUATO SEVERO 101 ANCHIETA PORTO A            90200210*** VALORES EXPRESSOS EM REAIS ***                          000101
100000000000000000000009003250122685113500602094              0000000013500602094700000000002            2  014449E6218 01041500000001040000000000001N050315000000000000002080000000000000000000000000000000000000000000000292028224000120SOTRIMA AGRICOLA LTDA                   RUA TORQUATO SEVERO 101 ANCHIETA PORTO A            90200210*** VALORES EXPRESSOS EM REAIS ***                          000102
100000000000000000000009003250122685113500601860              0000000013500601860800000000002            2  016017      04041500000000435000000000001N190215000000000000000870000000000000000000000000000000000000000000000292753268000112STEMAC SA GRUPOS GERADORES              AV. SERTORIO 905 NAVEGANTES PORTO ALEGRE            91020001*** VALORES EXPRESSOS EM REAIS ***                          000103
100000000000000000000009003250122685113500602267              0000000013500602267200000000002            2  016409      03051500000000840000000000001N190315000000000000001680000000000000000000000000000000000000000000000292753268000112STEMAC SA GRUPOS GERADORES              AV. SERTORIO 905 NAVEGANTES PORTO ALEGRE            91020001*** VALORES EXPRESSOS EM REAIS ***                          000104
100000000000000000000009003250122685113500602013              0000000013500602013000000000002            2  016165      30031500000000450000000000001N020315000000000000000900000000000000000000000000000000000000000000000203450740000207STOCKMANS MANUTENCAO LTDA - EPP         AV. AMYNTHAS JACQUES DE MORAES 165 HUMAI            90245050*** VALORES EXPRESSOS EM REAIS ***                          000105
100000000000000000000009003250122685113500601339              0000000013500601339800000000002            2  064010 E 55603041500000002450000000000001N210115000000000000004900000000000000000000000000000000000000000000000292660893000209SULINA DE METAIS SA                     AV DAS INDUSTRIAS 333 DISTRITO INDUSTRIA            96740000*** VALORES EXPRESSOS EM REAIS ***                          000106
100000000000000000000009003250122685113500602262              0000000013500602262100000000002            2  014579      15041500000000088000000000001N190315000000000000000180000000000000000000000000000000000000000000000234230979014409SUPERMIX CONCRETO S.A.                  RUA LANSUL S/N TRES PORTOS SAPUCAIA DO S            93212330*** VALORES EXPRESSOS EM REAIS ***                          000107
100000000000000000000009003250122685113500602255              0000000013500602255900000000002            2  014570E6380 15041500000000175000000000001N180315000000000000000350000000000000000000000000000000000000000000000234230979014409SUPERMIX CONCRETO S.A.                  RUA LANSUL S/N TRES PORTOS SAPUCAIA DO S            93212330*** VALORES EXPRESSOS EM REAIS ***                          000108
100000000000000000000009003250122685113500602195              0000000013500602195100000000002            2  016337      10041500000000170000000000001N160315000000000000000340000000000000000000000000000000000000000000000234230979010500SUPERMIX CONCRETO S/A                   RUA JOAO MOREIRA MACIEL 8836 NAVEGANTES             90230210*** VALORES EXPRESSOS EM REAIS ***                          000109
100000000000000000000009003250122685113500602256              0000000013500602256700000000002            2  014571      15041500000000500000000000001N180315000000000000001000000000000000000000000000000000000000000000000234230979010500SUPERMIX CONCRETO S/A                   RUA JOAO MOREIRA MACIEL 8836 NAVEGANTES             90230210*** VALORES EXPRESSOS EM REAIS ***                          000110
100000000000000000000009003250122685113500602254              0000000013500602254000000000002            2  014572E6381 15041500000000360000000000001N180315000000000000000720000000000000000000000000000000000000000000000234230979010500SUPERMIX CONCRETO S/A                   RUA JOAO MOREIRA MACIEL 8836 NAVEGANTES             90230210*** VALORES EXPRESSOS EM REAIS ***                          000111
100000000000000000000009003250122685113500602194              0000000013500602194300000000002            2  014534E6338 10041500000000420000000000001N160315000000000000000840000000000000000000000000000000000000000000000234230979010500SUPERMIX CONCRETO S/A                   RUA JOAO MOREIRA MACIEL 8836 NAVEGANTES             90230210*** VALORES EXPRESSOS EM REAIS ***                          000112
100000000000000000000009003250122685113500602132              0000000013500602132300000000002            2  016294      07041500000000114000000000001N120315000000000000000230000000000000000000000000000000000000000000000294327996000198TECNOSERVICE ENGENHARIA DE INFRA-ESTRUTUAV. BERLIM 29 SAO GERALDO PORTO ALEGRE R            90240581*** VALORES EXPRESSOS EM REAIS ***                          000113
100000000000000000000009003250122685113500602003              0000000013500602003300000000002            2  016143/01   30031500000002400000000000001N270215000000000000004800000000000000000000000000000000000000000000000206053269000112TECTRANS LOGISTICA LTDA                 RUA NISSIN CASTIEL 385 DISTRITO INDUSTRI            94045420*** VALORES EXPRESSOS EM REAIS ***                          000114
100000000000000000000009003250122685113500602004              0000000013500602004100000000002            2  066143/02   29041500000002400000000000001N270215000000000000004800000000000000000000000000000000000000000000000206053269000112TECTRANS LOGISTICA LTDA                 RUA NISSIN CASTIEL 385 DISTRITO INDUSTRI            94045420*** VALORES EXPRESSOS EM REAIS ***                          000115
100000000000000000000009003250122685113500602127              0000000013500602127700000000002            2  016291/01   09041500000002400000000000001N100315000000000000004800000000000000000000000000000000000000000000000206053269000112TECTRANS LOGISTICA LTDA                 RUA NISSIN CASTIEL 385 DISTRITO INDUSTRI            94045420*** VALORES EXPRESSOS EM REAIS ***                          000116
100000000000000000000009003250122685113500602128              0000000013500602128500000000002            2  016291/02   09051500000002400000000000001N100315000000000000004800000000000000000000000000000000000000000000000206053269000112TECTRANS LOGISTICA LTDA                 RUA NISSIN CASTIEL 385 DISTRITO INDUSTRI            94045420*** VALORES EXPRESSOS EM REAIS ***                          000117
100000000000000000000009003250122685113500601893              0000000013500601893400000000002            2  014348E6060/06041500000000573000000000001N230215000000000000001150000000000000000000000000000000000000000000000287247250000109TEDERKE INDUTRIA ESQUADRIAS E ESTRUTURASRUA AURORA 674 CENTRO CANOAS RS                     92020510*** VALORES EXPRESSOS EM REAIS ***                          000118
100000000000000000000009003250122685113500602095              0000000013500602095500000000002            2  016217      01041500000001116000000000001N050315000000000000002230000000000000000000000000000000000000000000000291690479000190TELEAR TECNOLOGIA ELETRO ELETRONICA E CORUA FERNANDO ORTIZ SCHNEIDE 73 VILA INTE            91530270*** VALORES EXPRESSOS EM REAIS ***                          000119
100000000000000000000009003250122685113500602150              0000000013500602150100000000002            2  016318      07041500000001496000000000001N120315000000000000002990000000000000000000000000000000000000000000000292314079000143TERRAPLENAGEM ERONI MACHADO LTDA        AV. BELEM VELHO 3666 VILA NOVA PORTO ALE            91740810*** VALORES EXPRESSOS EM REAIS ***                          000120
100000000000000000000009003250122685113500601895              0000000013500601895000000000002            2  014347E6059/06041500000000632500000000001N230215000000000000001260000000000000000000000000000000000000000000000294209079000109TMT SERVICE - TRANSPORTES E LOCACOES LTDRUA JUVENIL PEREIRA FRAGA 9 CAVALHADA PO            91740390*** VALORES EXPRESSOS EM REAIS ***                          000121
100000000000000000000009003250122685113500602070              0000000013500602070P00000000002            2  014439E6190 31031500000000344000000000001N040315000000000000000690000000000000000000000000000000000000000000000288246251000100TRANSEICH ASSESSORIA E TRANSPORTES S/A  AV DAS INDUSTRIAS 389 ANCHIETA PORTO ALE            90200290*** VALORES EXPRESSOS EM REAIS ***                          000122
100000000000000000000009003250122685113500602198              0000000013500602198600000000002            2  016286      07041500000000590000000000001N160315000000000000001180000000000000000000000000000000000000000000000288246251000100TRANSEICH ASSESSORIA E TRANSPORTES S/A  AV DAS INDUSTRIAS 389 ANCHIETA PORTO ALE            90200290*** VALORES EXPRESSOS EM REAIS ***                          000123
100000000000000000000009003250122685113500602265              0000000013500602265600000000002            2  019573E9737 30031500000000820000000000001N190315000000000000001640000000000000000000000000000000000000000000000211615387000107VITORMAC ASSISTENCIA TECNICA EM GRUPO GERUA JOAQUIM NABUCO 207 SAO GERALDO GRAVA            94150220*** VALORES EXPRESSOS EM REAIS ***                          000124
9                                                                                                                                                                                                                                                                                                                                                                                                         000125
