01REMESSA01COBRANCA       08834000506842000000PPA3 COMERCIO E DISTRIBUICAO D001BANCO DO BRASIL1012140000189                      2398705                                                                                                                                                                                                                                                                  000001
7021475814900014908834000506842239870511881                    239870500000118810000       0270000000     1701NFE004604/08011500000000466670010000 01N091214060000000000000780000000000000000000000000000000000000000000000209394210000186ADEMAR HOELSCHER                        RUA LEO NEULS, 202 CERAMICA                         99700000ERECHIM        RS                                        06 000002
5999000000000000000000                                                                                                                                                                                                                                                                                                                                                                                    000003
7021475814900014908834000506842239870511882                    239870500000118820000       0270000000     1701NFE004604/07021500000000466670010000 01N091214060000000000000780000000000000000000000000000000000000000000000209394210000186ADEMAR HOELSCHER                        RUA LEO NEULS, 202 CERAMICA                         99700000ERECHIM        RS                                        06 000004
5999000000000000000000                                                                                                                                                                                                                                                                                                                                                                                    000005
7021475814900014908834000506842239870511883                    239870500000118830000       0270000000     1701NFE004604/09031500000000466660010000 01N091214060000000000000780000000000000000000000000000000000000000000000209394210000186ADEMAR HOELSCHER                        RUA LEO NEULS, 202 CERAMICA                         99700000ERECHIM        RS                                        06 000006
5999000000000000000000                                                                                                                                                                                                                                                                                                                                                                                    000007
7021475814900014908834000506842239870511884                    239870500000118840000       0270000000     1701NFE004605/08011500000000478250010000 01N091214060000000000000800000000000000000000000000000000000000000000000217782959000129ADILSON BENTZ ME                        ROD RS 536, S/N INTERIOR                            97930000CAIBATE        RS                                        06 000008
5999000000000000000000                                                                                                                                                                                                                                                                                                                                                                                    000009
7021475814900014908834000506842239870511885                    239870500000118850000       0270000000     1701NFE004605/07021500000000478250010000 01N091214060000000000000800000000000000000000000000000000000000000000000217782959000129ADILSON BENTZ ME                        ROD RS 536, S/N INTERIOR                            97930000CAIBATE        RS                                        06 000010
5999000000000000000000                                                                                                                                                                                                                                                                                                                                                                                    000011
7021475814900014908834000506842239870511886                    239870500000118860000       0270000000     1701NFE004605/09031500000000478250010000 01N091214060000000000000800000000000000000000000000000000000000000000000217782959000129ADILSON BENTZ ME                        ROD RS 536, S/N INTERIOR                            97930000CAIBATE        RS                                        06 000012
5999000000000000000000                                                                                                                                                                                                                                                                                                                                                                                    000013
7021475814900014908834000506842239870511887                    239870500000118870000       0270000000     1701NFE004605/08041500000000478250010000 01N091214060000000000000800000000000000000000000000000000000000000000000217782959000129ADILSON BENTZ ME                        ROD RS 536, S/N INTERIOR                            97930000CAIBATE        RS                                        06 000014
5999000000000000000000                                                                                                                                                                                                                                                                                                                                                                                    000015
7021475814900014908834000506842239870511868                    239870500000118680000       0270000000     1701NFE004600/08011500000000596000010000 01N091214060000000000000990000000000000000000000000000000000000000000000201498181000190COML DE PNEUS WENDT LTDA                RUA MAJ. ANTONIO T. CARDOSO, 223 CENTRO             97970000ROQUE GONZALES RS                                        06 000016
5999000000000000000000                                                                                                                                                                                                                                                                                                                                                                                    000017
7021475814900014908834000506842239870511872                    239870500000118720000       0270000000     1701NFE004600/08011500000000596000010000 01N091214060000000000000990000000000000000000000000000000000000000000000201498181000190COML DE PNEUS WENDT LTDA                RUA MAJ. ANTONIO T. CARDOSO, 223 CENTRO             97970000ROQUE GONZALES RS                                        06 000018
5999000000000000000000                                                                                                                                                                                                                                                                                                                                                                                    000019
7021475814900014908834000506842239870511869                    239870500000118690000       0270000000     1701NFE004600/07021500000000596000010000 01N091214060000000000000990000000000000000000000000000000000000000000000201498181000190COML DE PNEUS WENDT LTDA                RUA MAJ. ANTONIO T. CARDOSO, 223 CENTRO             97970000ROQUE GONZALES RS                                        06 000020
5999000000000000000000                                                                                                                                                                                                                                                                                                                                                                                    000021
7021475814900014908834000506842239870511873                    239870500000118730000       0270000000     1701NFE004600/07021500000000596000010000 01N091214060000000000000990000000000000000000000000000000000000000000000201498181000190COML DE PNEUS WENDT LTDA                RUA MAJ. ANTONIO T. CARDOSO, 223 CENTRO             97970000ROQUE GONZALES RS                                        06 000022
5999000000000000000000                                                                                                                                                                                                                                                                                                                                                                                    000023
7021475814900014908834000506842239870511870                    239870500000118700000       0270000000     1701NFE004600/09031500000000596000010000 01N091214060000000000000990000000000000000000000000000000000000000000000201498181000190COML DE PNEUS WENDT LTDA                RUA MAJ. ANTONIO T. CARDOSO, 223 CENTRO             97970000ROQUE GONZALES RS                                        06 000024
5999000000000000000000                                                                                                                                                                                                                                                                                                                                                                                    000025
7021475814900014908834000506842239870511874                    239870500000118740000       0270000000     1701NFE004600/09031500000000596000010000 01N091214060000000000000990000000000000000000000000000000000000000000000201498181000190COML DE PNEUS WENDT LTDA                RUA MAJ. ANTONIO T. CARDOSO, 223 CENTRO             97970000ROQUE GONZALES RS                                        06 000026
5999000000000000000000                                                                                                                                                                                                                                                                                                                                                                                    000027
7021475814900014908834000506842239870511871                    239870500000118710000       0270000000     1701NFE004600/08041500000000596000010000 01N091214060000000000000990000000000000000000000000000000000000000000000201498181000190COML DE PNEUS WENDT LTDA                RUA MAJ. ANTONIO T. CARDOSO, 223 CENTRO             97970000ROQUE GONZALES RS                                        06 000028
5999000000000000000000                                                                                                                                                                                                                                                                                                                                                                                    000029
7021475814900014908834000506842239870511875                    239870500000118750000       0270000000     1701NFE004600/08041500000000596000010000 01N091214060000000000000990000000000000000000000000000000000000000000000201498181000190COML DE PNEUS WENDT LTDA                RUA MAJ. ANTONIO T. CARDOSO, 223 CENTRO             97970000ROQUE GONZALES RS                                        06 000030
5999000000000000000000                                                                                                                                                                                                                                                                                                                                                                                    000031
7021475814900014908834000506842239870511879                    239870500000118790000       0270000000     1701NFE004602/08011500000000406000010000 01N091214060000000000000680000000000000000000000000000000000000000000000209018189000114D L BARCKERT E CIA LTDA                 AV BENJAMIN CONSTANT, 347 CENTRO                    95900000LAJEADO        RS                                        06 000032
5999000000000000000000                                                                                                                                                                                                                                                                                                                                                                                    000033
7021475814900014908834000506842239870511880                    239870500000118800000       0270000000     1701NFE004602/07021500000000406000010000 01N091214060000000000000680000000000000000000000000000000000000000000000209018189000114D L BARCKERT E CIA LTDA                 AV BENJAMIN CONSTANT, 347 CENTRO                    95900000LAJEADO        RS                                        06 000034
5999000000000000000000                                                                                                                                                                                                                                                                                                                                                                                    000035
7021475814900014908834000506842239870511888                    239870500000118880000       0270000000     1701NFE004606/09011500000000470000010000 01N101214060000000000000780000000000000000000000000000000000000000000000219858663000170J R E R COMERCIO DE PNEUS LTDA          RUA 25 DE JULHO, 24 VOLTA GRANDE                    95180000FARROUPILHA    RS                                        06 000036
5999000000000000000000                                                                                                                                                                                                                                                                                                                                                                                    000037
7021475814900014908834000506842239870511889                    239870500000118890000       0270000000     1701NFE004606/08021500000000470000010000 01N101214060000000000000780000000000000000000000000000000000000000000000219858663000170J R E R COMERCIO DE PNEUS LTDA          RUA 25 DE JULHO, 24 VOLTA GRANDE                    95180000FARROUPILHA    RS                                        06 000038
5999000000000000000000                                                                                                                                                                                                                                                                                                                                                                                    000039
7021475814900014908834000506842239870511876                    239870500000118760000       0270000000     1701NFE004601/08011500000000541330010000 01N091214060000000000000900000000000000000000000000000000000000000000000212058169000181MARCOS SEVERINO ORTOLAN                 AV. BORGES DE MEDEIROS, 1303 CENTRO                 99260000CASCA          RS                                        06 000040
5999000000000000000000                                                                                                                                                                                                                                                                                                                                                                                    000041
7021475814900014908834000506842239870511877                    239870500000118770000       0270000000     1701NFE004601/07021500000000541330010000 01N091214060000000000000900000000000000000000000000000000000000000000000212058169000181MARCOS SEVERINO ORTOLAN                 AV. BORGES DE MEDEIROS, 1303 CENTRO                 99260000CASCA          RS                                        06 000042
5999000000000000000000                                                                                                                                                                                                                                                                                                                                                                                    000043
7021475814900014908834000506842239870511878                    239870500000118780000       0270000000     1701NFE004601/09031500000000541340010000 01N091214060000000000000900000000000000000000000000000000000000000000000212058169000181MARCOS SEVERINO ORTOLAN                 AV. BORGES DE MEDEIROS, 1303 CENTRO                 99260000CASCA          RS                                        06 000044
5999000000000000000000                                                                                                                                                                                                                                                                                                                                                                                    000045
9                                                                                                                                                                                                                                                                                                                                                                                                         000046
