02RETORNO01COBRANCA       00000000000004683819ENGLERT & SZINVELSKI AUTO-ELET237BRADESCO       0202150160000000061                                                                                                                                                                                                                                                                          030215         000001
102169496160001430000009003250002383313500601010              0000000013500601010000000000000000000000000009020202153433E4799B00000000135006010100070215000000006620023704274  000000000019000000000000000000000000000000000000000000000000000000000000000000000000000000000000000000000000000000000                          0000000000                                                                  000002
102169496160001430000009003250002383313500601011              0000000013500601011900000000000000000000000009020202153433E4799C00000000135006010119180215000000006610023704274  000000000019000000000000000000000000000000000000000000000000000000000000000000000000000000000000000000000000000000000                          0000000000                                                                  000003
102169496160001430000009003250002383313500601092              0000000013500601092500000000000000000000000009020202155457      00000000135006010925040215000000000900023700325  000000000019000000000000000000000000000000000000000000000000000000000000000000000000000000000000000000000000000000000                          0000000000                                                                  000004
102169496160001430000009003250002383313500601093              0000000013500601093300000000000000000000000009020202153949      00000000135006010933040215000000001278023700325  000000000019000000000000000000000000000000000000000000000000000000000000000000000000000000000000000000000000000000000                          0000000000                                                                  000005
102169496160001430000009003250002383313500601094              0000000013500601094100000000000000000000000009020202155458      00000000135006010941040215000000006800023700325  000000000019000000000000000000000000000000000000000000000000000000000000000000000000000000000000000000000000000000000                          0000000000                                                                  000006
102169496160001430000009003250002383313500601095              0000000013500601095P00000000000000000000000009020202153950      0000000013500601095P040215000000001821023700325  000000000019000000000000000000000000000000000000000000000000000000000000000000000000000000000000000000000000000000000                          0000000000                                                                  000007
102169496160001430000009003250002383313500601096              0000000013500601096800000000000000000000000009020202155459      00000000135006010968060215000000001200023700325  000000000019000000000000000000000000000000000000000000000000000000000000000000000000000000000000000000000000000000000                          0000000000                                                                  000008
102169496160001430000009003250002383313500601097              0000000013500601097600000000000000000000000009020202153951      00000000135006010976060215000000011003023700325  000000000019000000000000000000000000000000000000000000000000000000000000000000000000000000000000000000000000000000000                          0000000000                                                                  000009
102169496160001430000009003250002383313500601100              0000000013500601100P00000000000000000000000009020202153955 E 5470000000013500601100P030315000000010590023704157  000000000019000000000000000000000000000000000000000000000000000000000000000000000000000000000000000000000000000000000                          7600000000                                                                  000010
102169496160001430000009003250002383313500601102              0000000013500601102600000000000000000000000009020202153956 E 54600000000135006011026030315000000013990023704157  000000000019000000000000000000000000000000000000000000000000000000000000000000000000000000000000000000000000000000000                          7600000000                                                                  000011
102169496160001430000009003250002383313500601104              0000000013500601104200000000000000000000000009020202153957 E 54600000000135006011042030315000000007246723704157  000000000019000000000000000000000000000000000000000000000000000000000000000000000000000000000000000000000000000000000                          7600000000                                                                  000012
102169496160001430000009003250002383313500601105              0000000013500601105000000000000000000000000009020202153957 E 54600000000135006011050020415000000007246623704157  000000000019000000000000000000000000000000000000000000000000000000000000000000000000000000000000000000000000000000000                          7600000000                                                                  000013
102169496160001430000009003250002383313500601108              0000000013500601108500000000000000000000000009020202153959 E 54600000000135006011085030315000000009032023704157  000000000019000000000000000000000000000000000000000000000000000000000000000000000000000000000000000000000000000000000                          7600000000                                                                  000014
102169496160001430000009003250002383313500601109              0000000013500601109300000000000000000000000009020202155450      00000000135006011093060215000000002800023700325  000000000019000000000000000000000000000000000000000000000000000000000000000000000000000000000000000000000000000000000                          0000000000                                                                  000015
102169496160001430000009003250002383313500601110              0000000013500601110700000000000000000000000009020202155449/01   00000000135006011107080215000000027617723704426  000000000019000000000000000000000000000000000000000000000000000000000000000000000000000000000000000000000000000000000                          0000000000                                                                  000016
102169496160001430000009003250002383313500601111              0000000013500601111500000000000000000000000009020202155449/02   00000000135006011115100315000000027617723704426  000000000019000000000000000000000000000000000000000000000000000000000000000000000000000000000000000000000000000000000                          0000000000                                                                  000017
102169496160001430000009003250002383313500601112              0000000013500601112300000000000000000000000009020202155449/03   00000000135006011123090415000000027617623704426  000000000019000000000000000000000000000000000000000000000000000000000000000000000000000000000000000000000000000000000                          0000000000                                                                  000018
102169496160001430000009003250002383313500601113              0000000013500601113100000000000000000000000009020202153939 E 54400000000135006011131080215000000011757023704426  000000000019000000000000000000000000000000000000000000000000000000000000000000000000000000000000000000000000000000000                          0000000000                                                                  000019
102169496160001430000009003250002383313500601114              0000000013500601114P00000000000000000000000009020202153938 E 5440000000013500601114P060215000000002802023704426  000000000019000000000000000000000000000000000000000000000000000000000000000000000000000000000000000000000000000000000                          0000000000                                                                  000020
102169496160001430000009003250002383313500601115              0000000013500601115800000000000000000000000009020202153873 E 53400000000135006011158040215000000012773023704151  000000000019000000000000000000000000000000000000000000000000000000000000000000000000000000000000000000000000000000000                          7600000000                                                                  000021
102169496160001430000009003250002383313500601121              0000000013500601121200000000000000000000000009020202153884 E 53600000000135006011212020315000000005731523704274  000000000019000000000000000000000000000000000000000000000000000000000000000000000000000000000000000000000000000000000                          0000000000                                                                  000022
102169496160001430000009003250002383313500601127              0000000013500601127100000000000000000000000009020202153881 E 53500000000135006011271040215000000010570023700325  000000000019000000000000000000000000000000000000000000000000000000000000000000000000000000000000000000000000000000000                          7600000000                                                                  000023
102169496160001430000009003250002383313500601128              0000000013500601128P00000000000000000000000009020202153881 E 5350000000013500601128P060315000000010570023700325  000000000019000000000000000000000000000000000000000000000000000000000000000000000000000000000000000000000000000000000                          7600000000                                                                  000024
102169496160001430000009003250002383313500601132              0000000013500601132800000000000000000000000009020202155420      00000000135006011328050215000000004100023700325  000000000019000000000000000000000000000000000000000000000000000000000000000000000000000000000000000000000000000000000                          0000000000                                                                  000025
102169496160001430000009003250002383313500601133              0000000013500601133600000000000000000000000009020202153913      00000000135006011336050215000000008646023700325  000000000019000000000000000000000000000000000000000000000000000000000000000000000000000000000000000000000000000000000                          0000000000                                                                  000026
102169496160001430000009003250002383313500601134              0000000013500601134400000000000000000000000009020202155419      00000000135006011344050215000000004700023700325  000000000019000000000000000000000000000000000000000000000000000000000000000000000000000000000000000000000000000000000                          0000000000                                                                  000027
102169496160001430000009003250002383313500601135              0000000013500601135200000000000000000000000009020202153912      00000000135006011352050215000000015668023700325  000000000019000000000000000000000000000000000000000000000000000000000000000000000000000000000000000000000000000000000                          0000000000                                                                  000028
102169496160001430000009003250002383313500601136              0000000013500601136000000000000000000000000009020202153919 E 54200000000135006011360050215000000005044023704151  000000000019000000000000000000000000000000000000000000000000000000000000000000000000000000000000000000000000000000000                          7600000000                                                                  000029
102169496160001430000009003250002383313500601137              0000000013500601137900000000000000000000000009020202155426      00000000135006011379050215000000000700023704151  000000000019000000000000000000000000000000000000000000000000000000000000000000000000000000000000000000000000000000000                          7600000000                                                                  000030
102169496160001430000009003250002383313500601138              0000000013500601138700000000000000000000000009020202150901/01   00000000135006011387060215000000009821323704426  000000000019000000000000000000000000000000000000000000000000000000000000000000000000000000000000000000000000000000000                          0000000000                                                                  000031
102169496160001430000009003250002383313500601139              0000000013500601139500000000000000000000000009020202150901/02   00000000135006011395200215000000009821323704426  000000000019000000000000000000000000000000000000000000000000000000000000000000000000000000000000000000000000000000000                          0000000000                                                                  000032
102169496160001430000009003250002383313500601140              0000000013500601140900000000000000000000000009020202150901/03   00000000135006011409060315000000009821223704426  000000000019000000000000000000000000000000000000000000000000000000000000000000000000000000000000000000000000000000000                          0000000000                                                                  000033
102169496160001430000009003250002383313500601141              0000000013500601141700000000000000000000000009020202150901/04   00000000135006011417200315000000009821223704426  000000000019000000000000000000000000000000000000000000000000000000000000000000000000000000000000000000000000000000000                          0000000000                                                                  000034
102169496160001430000009003250002383313500601142              0000000013500601142500000000000000000000000009020202153948 E 54500000000135006011425060215000000015381523704426  000000000019000000000000000000000000000000000000000000000000000000000000000000000000000000000000000000000000000000000                          7600000000                                                                  000035
102169496160001430000009003250002383313500601143              0000000013500601143300000000000000000000000009020202153948 E 54500000000135006011433060315000000015381523704426  000000000019000000000000000000000000000000000000000000000000000000000000000000000000000000000000000000000000000000000                          7600000000                                                                  000036
102169496160001430000009003250002383313500601144              0000000013500601144100000000000000000000000009020202153939 E 54400000000135006011441100315000000011757023704426  000000000019000000000000000000000000000000000000000000000000000000000000000000000000000000000000000000000000000000000                          0000000000                                                                  000037
102169496160001430000009003250002383313500601145              0000000013500601145P00000000000000000000000009020202153876 E 5350000000013500601145P020315000000005474023704426  000000000019000000000000000000000000000000000000000000000000000000000000000000000000000000000000000000000000000000000                          0000000000                                                                  000038
102169496160001430000009003250002383313500601146              0000000013500601146800000000000000000000000009020202153886 E 53600000000135006011468020315000000011025023703152  000000000019000000000000000000000000000000000000000000000000000000000000000000000000000000000000000000000000000000000                          0000000000                                                                  000039
102169496160001430000009003250002383313500601150              0000000013500601150600000000000000000000000009020202155070, 363500000000135006011506130215000000004892323703269  000000000019000000000000000000000000000000000000000000000000000000000000000000000000000000000000000000000000000000000                          0000000000                                                                  000040
102169496160001430000009003250002383313500601153              0000000013500601153000000000000000000000000009020202153886 E 55200000000135006011530060215000000021090023703152  000000000019000000000000000000000000000000000000000000000000000000000000000000000000000000000000000000000000000000000                          0000000000                                                                  000041
102169496160001430000009003250002383313500601172              0000000013500601172700000000000000000000000009020202151501/01   00000000135006011727140215000000017500023704274  000000000019000000000000000000000000000000000000000000000000000000000000000000000000000000000000000000000000000000000                          7600000000                                                                  000042
102169496160001430000009003250002383313500601175              0000000013500601175100000000000000000000000009020202151501/02   00000000135006011751160315000000017500023704274  000000000019000000000000000000000000000000000000000000000000000000000000000000000000000000000000000000000000000000000                          7600000000                                                                  000043
102169496160001430000009003250002383313500601176              0000000013500601176P00000000000000000000000009020202151501/03   0000000013500601176P150415000000017500023704274  000000000019000000000000000000000000000000000000000000000000000000000000000000000000000000000000000000000000000000000                          7600000000                                                                  000044
102169496160001430000009003250002383313500601177              0000000013500601177800000000000000000000000009020202151501/04   00000000135006011778150515000000017500023704274  000000000019000000000000000000000000000000000000000000000000000000000000000000000000000000000000000000000000000000000                          7600000000                                                                  000045
102169496160001430000009003250002383313500601181              0000000013500601181600000000000000000000000009020202153994 E 55500000000135006011816130215000000009023023704157  000000000019000000000000000000000000000000000000000000000000000000000000000000000000000000000000000000000000000000000                          7600000000                                                                  000046
102169496160001430000009003250002383313500601182              0000000013500601182400000000000000000000000009020202153992 E 55500000000135006011824130215000000013786023704157  000000000019000000000000000000000000000000000000000000000000000000000000000000000000000000000000000000000000000000000                          7600000000                                                                  000047
102169496160001430000009003250002383313500601183              0000000013500601183200000000000000000000000009020202153992 E 55500000000135006011832150315000000013786023704157  000000000019000000000000000000000000000000000000000000000000000000000000000000000000000000000000000000000000000000000                          7600000000                                                                  000048
102169496160001430000009003250002383313500601184              0000000013500601184000000000000000000000000009020202153991 E 55400000000135006011840130215000000005509023704157  000000000019000000000000000000000000000000000000000000000000000000000000000000000000000000000000000000000000000000000                          7600000000                                                                  000049
102169496160001430000009003250002383313500601185              0000000013500601185900000000000000000000000009020202153990 E 55400000000135006011859130215000000002761023704157  000000000019000000000000000000000000000000000000000000000000000000000000000000000000000000000000000000000000000000000                          7600000000                                                                  000050
102169496160001430000009003250002383313500601186              0000000013500601186700000000000000000000000009020202153989 E 55400000000135006011867130215000000008924023704157  000000000019000000000000000000000000000000000000000000000000000000000000000000000000000000000000000000000000000000000                          7600000000                                                                  000051
102169496160001430000009003250002383313500601187              0000000013500601187500000000000000000000000009020202153988 E 55400000000135006011875130215000000004271023704157  000000000019000000000000000000000000000000000000000000000000000000000000000000000000000000000000000000000000000000000                          7600000000                                                                  000052
102169496160001430000009003250002383313500601188              0000000013500601188300000000000000000000000009020202155516      00000000135006011883120215000000003800023704157  000000000019000000000000000000000000000000000000000000000000000000000000000000000000000000000000000000000000000000000                          7600000000                                                                  000053
102169496160001430000009003250002383313500601189              0000000013500601189100000000000000000000000009020202155515      00000000135006011891120215000000003800023704157  000000000019000000000000000000000000000000000000000000000000000000000000000000000000000000000000000000000000000000000                          7600000000                                                                  000054
102169496160001430000009003250002383313500601190              0000000013500601190500000000000000000000000009020202153975 E 55100000000135006011905120215000000007650023704157  000000000019000000000000000000000000000000000000000000000000000000000000000000000000000000000000000000000000000000000                          7600000000                                                                  000055
102169496160001430000009003250002383313500601191              0000000013500601191300000000000000000000000009020202153974 E 55100000000135006011913120215000000006726023704157  000000000019000000000000000000000000000000000000000000000000000000000000000000000000000000000000000000000000000000000                          7600000000                                                                  000056
102169496160001430000009003250002383313500601192              0000000013500601192100000000000000000000000009020202153973 E 55100000000135006011921120215000000005070023704157  000000000019000000000000000000000000000000000000000000000000000000000000000000000000000000000000000000000000000000000                          7600000000                                                                  000057
102169496160001430000009003250002383313500601193              0000000013500601193P00000000000000000000000009020202153972 E 5510000000013500601193P120215000000005380023704157  000000000019000000000000000000000000000000000000000000000000000000000000000000000000000000000000000000000000000000000                          7600000000                                                                  000058
102169496160001430000009003250002383313500601194              0000000013500601194800000000000000000000000009020202153971 E 55000000000135006011948120215000000007610523704157  000000000019000000000000000000000000000000000000000000000000000000000000000000000000000000000000000000000000000000000                          7600000000                                                                  000059
102169496160001430000009003250002383313500601195              0000000013500601195600000000000000000000000009020202153971 E 55000000000135006011956140315000000007610523704157  000000000019000000000000000000000000000000000000000000000000000000000000000000000000000000000000000000000000000000000                          7600000000                                                                  000060
102169496160001430000009003250002383313500601196              0000000013500601196400000000000000000000000009020202153970 E 55000000000135006011964120215000000003726023704157  000000000019000000000000000000000000000000000000000000000000000000000000000000000000000000000000000000000000000000000                          7600000000                                                                  000061
102169496160001430000009003250002383313500601197              0000000013500601197200000000000000000000000009020202153969 E 55000000000135006011972120215000000001560023704157  000000000019000000000000000000000000000000000000000000000000000000000000000000000000000000000000000000000000000000000                          7600000000                                                                  000062
102169496160001430000009003250002383313500601198              0000000013500601198000000000000000000000000009020202153968 E 55000000000135006011980120215000000001040023704157  000000000019000000000000000000000000000000000000000000000000000000000000000000000000000000000000000000000000000000000                          7600000000                                                                  000063
102169496160001430000009003250002383313500601199              0000000013500601199900000000000000000000000009020202153967 E 55000000000135006011999120215000000005670423704157  000000000019000000000000000000000000000000000000000000000000000000000000000000000000000000000000000000000000000000000                          7600000000                                                                  000064
102169496160001430000009003250002383313500601200              0000000013500601200600000000000000000000000009020202153978 E 55300000000135006012006090215000000011790023701604  000000000019000000000000000000000000000000000000000000000000000000000000000000000000000000000000000000000000000000000                          0000000000                                                                  000065
102169496160001430000009003250002383313500601201              0000000013500601201400000000000000000000000009020202153977 E 55300000000135006012014090215000000006950023701604  000000000019000000000000000000000000000000000000000000000000000000000000000000000000000000000000000000000000000000000                          0000000000                                                                  000066
102169496160001430000009003250002383313500601202              0000000013500601202200000000000000000000000009020202155532      00000000135006012022110215000000007300023704274  000000000019000000000000000000000000000000000000000000000000000000000000000000000000000000000000000000000000000000000                          0000000000                                                                  000067
102169496160001430000009003250002383313500601203              0000000013500601203000000000000000000000000009020202153976      00000000135006012030110215000000008429023704274  000000000019000000000000000000000000000000000000000000000000000000000000000000000000000000000000000000000000000000000                          0000000000                                                                  000068
102169496160001430000009003250002383313500601204              0000000013500601204900000000000000000000000009020202153979 E 55300000000135006012049090215000000010570023700325  000000000019000000000000000000000000000000000000000000000000000000000000000000000000000000000000000000000000000000000                          7600000000                                                                  000069
102169496160001430000009003250002383313500601205              0000000013500601205700000000000000000000000009020202153979 E 55300000000135006012057230215000000010570023700325  000000000019000000000000000000000000000000000000000000000000000000000000000000000000000000000000000000000000000000000                          7600000000                                                                  000070
102169496160001430000009003250002383313500601206              0000000013500601206500000000000000000000000009020202155536      00000000135006012065090215000000000800023700325  000000000019000000000000000000000000000000000000000000000000000000000000000000000000000000000000000000000000000000000                          7600000000                                                                  000071
102169496160001430000009003250002383313500601208              0000000013500601208100000000000000000000000009020202154008 E 55600000000135006012081130215000000003090023701604  000000000019000000000000000000000000000000000000000000000000000000000000000000000000000000000000000000000000000000000                          0000000000                                                                  000072
102169496160001430000009003250002383313500601209              0000000013500601209P00000000000000000000000009020202154002 E 5550000000013500601209P150215000000010580023704157  000000000019000000000000000000000000000000000000000000000000000000000000000000000000000000000000000000000000000000000                          7600000000                                                                  000073
102169496160001430000009003250002383313500601210              0000000013500601210300000000000000000000000009020202154001 E 55500000000135006012103150215000000002147023704157  000000000019000000000000000000000000000000000000000000000000000000000000000000000000000000000000000000000000000000000                          7600000000                                                                  000074
102169496160001430000009003250002383313500601211              0000000013500601211100000000000000000000000009020202154000 E 55500000000135006012111150215000000004096023704157  000000000019000000000000000000000000000000000000000000000000000000000000000000000000000000000000000000000000000000000                          7600000000                                                                  000075
102169496160001430000009003250002383313500601212              0000000013500601212P00000000000000000000000009020202153998, 39990000000013500601212P150215000000008695023704157  000000000019000000000000000000000000000000000000000000000000000000000000000000000000000000000000000000000000000000000                          7600000000                                                                  000076
102169496160001430000009003250002383313500601213              0000000013500601213800000000000000000000000009020202153998, 399900000000135006012138170315000000008695023704157  000000000019000000000000000000000000000000000000000000000000000000000000000000000000000000000000000000000000000000000                          7600000000                                                                  000077
102169496160001430000009003250002383313500601214              0000000013500601214600000000000000000000000009020202153996, 399700000000135006012146150215000000020776323704157  000000000019000000000000000000000000000000000000000000000000000000000000000000000000000000000000000000000000000000000                          7600000000                                                                  000078
102169496160001430000009003250002383313500601215              0000000013500601215400000000000000000000000009020202153996, 399700000000135006012154170315000000020776323704157  000000000019000000000000000000000000000000000000000000000000000000000000000000000000000000000000000000000000000000000                          7600000000                                                                  000079
102169496160001430000009003250002383313500601216              0000000013500601216200000000000000000000000009020202153996, 399700000000135006012162160415000000020776223704157  000000000019000000000000000000000000000000000000000000000000000000000000000000000000000000000000000000000000000000000                          7600000000                                                                  000080
102169496160001430000009003250002383313500601217              0000000013500601217000000000000000000000000009020202153996, 399700000000135006012170160515000000020776223704157  000000000019000000000000000000000000000000000000000000000000000000000000000000000000000000000000000000000000000000000                          7600000000                                                                  000081
102169496160001430000009003250002383313500601218              0000000013500601218900000000000000000000000009020202154006 E 55600000000135006012189130215000000008082023704426  000000000019000000000000000000000000000000000000000000000000000000000000000000000000000000000000000000000000000000000                          7600000000                                                                  000082
102169496160001430000009003250002383313500601249              0000000013500601249900000000000000000000000009020202153963 E 54900000000135006012499090215000000007175023700325  000000000019000000000000000000000000000000000000000000000000000000000000000000000000000000000000000000000000000000000                          7600000000                                                                  000083
102169496160001430000009003250002383313500601250              0000000013500601250200000000000000000000000009020202153963 E 54900000000135006012502230215000000007175023700325  000000000019000000000000000000000000000000000000000000000000000000000000000000000000000000000000000000000000000000000                          7600000000                                                                  000084
102169496160001430000009003250002383313500601251              0000000013500601251000000000000000000000000009020202153963 E 54900000000135006012510090315000000007175023700325  000000000019000000000000000000000000000000000000000000000000000000000000000000000000000000000000000000000000000000000                          7600000000                                                                  000085
102169496160001430000009003250002383313500601252              0000000013500601252900000000000000000000000009020202153963 E 54900000000135006012529230315000000007175023700325  000000000019000000000000000000000000000000000000000000000000000000000000000000000000000000000000000000000000000000000                          7600000000                                                                  000086
102169496160001430000009003250002383313500601254              0000000013500601254500000000000000000000000009020202153961 E 54800000000135006012545090215000000008809023704426  000000000019000000000000000000000000000000000000000000000000000000000000000000000000000000000000000000000000000000000                          7600000000                                                                  000087
102169496160001430000009003250002383313500601270              0000000013500601270700000000000000000000000009020202153985 E 55400000000135006012707140215000000002163023704151  000000000019000000000000000000000000000000000000000000000000000000000000000000000000000000000000000000000000000000000                          0000000000                                                                  000088
102169496160001430000009003250002383313500601286              0000000013500601286300000000000000000000000009020202155593      00000000135006012863130215000000016200023704274  000000000019000000000000000000000000000000000000000000000000000000000000000000000000000000000000000000000000000000000                          0000000000                                                                  000089
102169496160001430000009003250002383313500601287              0000000013500601287100000000000000000000000009020202155596/01   00000000135006012871160215000000006450023704274  000000000019000000000000000000000000000000000000000000000000000000000000000000000000000000000000000000000000000000000                          0000000000                                                                  000090
102169496160001430000009003250002383313500601288              0000000013500601288P00000000000000000000000009020202155596/02   0000000013500601288P160315000000006450023704274  000000000019000000000000000000000000000000000000000000000000000000000000000000000000000000000000000000000000000000000                          0000000000                                                                  000091
102169496160001430000009003250002383313500601289              0000000013500601289800000000000000000000000009020202154027 E 40200000000135006012898160215000000008752023704274  000000000019000000000000000000000000000000000000000000000000000000000000000000000000000000000000000000000000000000000                          0000000000                                                                  000092
102169496160001430000009003250002383313500601290              0000000013500601290100000000000000000000000009020202154027 E 40200000000135006012901160315000000008752023704274  000000000019000000000000000000000000000000000000000000000000000000000000000000000000000000000000000000000000000000000                          0000000000                                                                  000093
102169496160001430000009003250002383313500601291              0000000013500601291P00000000000000000000000009020202154043 E 5610000000013500601291P190215000000015651023704157  000000000019000000000000000000000000000000000000000000000000000000000000000000000000000000000000000000000000000000000                          7600000000                                                                  000094
102169496160001430000009003250002383313500601292              0000000013500601292800000000000000000000000009020202154043 E 56100000000135006012928210315000000015651023704157  000000000019000000000000000000000000000000000000000000000000000000000000000000000000000000000000000000000000000000000                          7600000000                                                                  000095
102169496160001430000009003250002383313500601293              0000000013500601293600000000000000000000000009020202154043 E 56100000000135006012936200415000000015651023704157  000000000019000000000000000000000000000000000000000000000000000000000000000000000000000000000000000000000000000000000                          7600000000                                                                  000096
102169496160001430000009003250002383313500601294              0000000013500601294400000000000000000000000009020202154043 E 56100000000135006012944200515000000015651023704157  000000000019000000000000000000000000000000000000000000000000000000000000000000000000000000000000000000000000000000000                          7600000000                                                                  000097
102169496160001430000009003250002383313500601295              0000000013500601295200000000000000000000000009020202154042 E 56100000000135006012952190215000000007170023704157  000000000019000000000000000000000000000000000000000000000000000000000000000000000000000000000000000000000000000000000                          7600000000                                                                  000098
102169496160001430000009003250002383313500601296              0000000013500601296000000000000000000000000009020202154041 E 56100000000135006012960190215000000006914523704157  000000000019000000000000000000000000000000000000000000000000000000000000000000000000000000000000000000000000000000000                          7600000000                                                                  000099
102169496160001430000009003250002383313500601297              0000000013500601297900000000000000000000000009020202154041 E 56100000000135006012979210315000000006914523704157  000000000019000000000000000000000000000000000000000000000000000000000000000000000000000000000000000000000000000000000                          7600000000                                                                  000100
102169496160001430000009003250002383313500601298              0000000013500601298700000000000000000000000009020202154040 E 56100000000135006012987190215000000003190023704157  000000000019000000000000000000000000000000000000000000000000000000000000000000000000000000000000000000000000000000000                          7600000000                                                                  000101
102169496160001430000009003250002383313500601299              0000000013500601299500000000000000000000000009020202154039 E 56100000000135006012995190215000000004100023704157  000000000019000000000000000000000000000000000000000000000000000000000000000000000000000000000000000000000000000000000                          7600000000                                                                  000102
102169496160001430000009003250002383313500601300              0000000013500601300200000000000000000000000009020202154038 E 56100000000135006013002190215000000002220023704157  000000000019000000000000000000000000000000000000000000000000000000000000000000000000000000000000000000000000000000000                          7600000000                                                                  000103
102169496160001430000009003250002383313500601365              0000000013500601365700000000000000000000000009020202154107 E 57000000000135006013657250215000000005312523704157  000000000019000000000000000000000000000000000000000000000000000000000000000000000000000000000000000000000000000000000                          7600000000                                                                  000104
102169496160001430000009003250002383313500601366              0000000013500601366500000000000000000000000009020202154107 E 57000000000135006013665270315000000005312523704157  000000000019000000000000000000000000000000000000000000000000000000000000000000000000000000000000000000000000000000000                          7600000000                                                                  000105
102169496160001430000009003250002383313500601367              0000000013500601367300000000000000000000000009020202155704      00000000135006013673250215000000003800023704157  000000000019000000000000000000000000000000000000000000000000000000000000000000000000000000000000000000000000000000000                          7600000000                                                                  000106
102169496160001430000009003250002383313500601368              0000000013500601368100000000000000000000000009020202154106 E 57000000000135006013681250215000000006172023704157  000000000019000000000000000000000000000000000000000000000000000000000000000000000000000000000000000000000000000000000                          7600000000                                                                  000107
102169496160001430000009003250002383313500601369              0000000013500601369P00000000000000000000000009020202154105 E 5700000000013500601369P250215000000007383423704157  000000000019000000000000000000000000000000000000000000000000000000000000000000000000000000000000000000000000000000000                          7600000000                                                                  000108
102169496160001430000009003250002383313500601370              0000000013500601370300000000000000000000000009020202154105 E 57000000000135006013703270315000000007383323704157  000000000019000000000000000000000000000000000000000000000000000000000000000000000000000000000000000000000000000000000                          7600000000                                                                  000109
102169496160001430000009003250002383313500601371              0000000013500601371100000000000000000000000009020202154105 E 57000000000135006013711260415000000007383323704157  000000000019000000000000000000000000000000000000000000000000000000000000000000000000000000000000000000000000000000000                          7600000000                                                                  000110
102169496160001430000009003250002383313500601372              0000000013500601372P00000000000000000000000009020202154104 E 5700000000013500601372P250215000000011523423704157  000000000019000000000000000000000000000000000000000000000000000000000000000000000000000000000000000000000000000000000                          7600000000                                                                  000111
102169496160001430000009003250002383313500601373              0000000013500601373800000000000000000000000009020202154104 E 57000000000135006013738270315000000011523323704157  000000000019000000000000000000000000000000000000000000000000000000000000000000000000000000000000000000000000000000000                          7600000000                                                                  000112
102169496160001430000009003250002383313500601374              0000000013500601374600000000000000000000000009020202154104 E 57000000000135006013746260415000000011523323704157  000000000019000000000000000000000000000000000000000000000000000000000000000000000000000000000000000000000000000000000                          7600000000                                                                  000113
102169496160001430000009003250002383313500601375              0000000013500601375400000000000000000000000009020202154103 E 57000000000135006013754250215000000008484023704157  000000000019000000000000000000000000000000000000000000000000000000000000000000000000000000000000000000000000000000000                          7600000000                                                                  000114
102169496160001430000009003250002383313500601376              0000000013500601376200000000000000000000000009020202154103 E 57000000000135006013762270315000000008484023704157  000000000019000000000000000000000000000000000000000000000000000000000000000000000000000000000000000000000000000000000                          7600000000                                                                  000115
102169496160001430000009003250002383313500601377              0000000013500601377000000000000000000000000009020202154102 E 56900000000135006013770250215000000005607523704157  000000000019000000000000000000000000000000000000000000000000000000000000000000000000000000000000000000000000000000000                          7600000000                                                                  000116
102169496160001430000009003250002383313500601378              0000000013500601378900000000000000000000000009020202154102 E 56900000000135006013789270315000000005607523704157  000000000019000000000000000000000000000000000000000000000000000000000000000000000000000000000000000000000000000000000                          7600000000                                                                  000117
102169496160001430000009003250002383313500601379              0000000013500601379700000000000000000000000009020202154101 E 56900000000135006013797250215000000001360023704157  000000000019000000000000000000000000000000000000000000000000000000000000000000000000000000000000000000000000000000000                          7600000000                                                                  000118
102169496160001430000009003250002383313500601380              0000000013500601380000000000000000000000000009020202154100 E 56900000000135006013800250215000000002222523704157  000000000019000000000000000000000000000000000000000000000000000000000000000000000000000000000000000000000000000000000                          7600000000                                                                  000119
102169496160001430000009003250002383313500601381              0000000013500601381900000000000000000000000009020202154099 E 56900000000135006013819250215000000005388023704157  000000000019000000000000000000000000000000000000000000000000000000000000000000000000000000000000000000000000000000000                          7600000000                                                                  000120
102169496160001430000009003250002383313500601382              0000000013500601382700000000000000000000000009020202154085 E 56700000000135006013827250215000000001860023704157  000000000019000000000000000000000000000000000000000000000000000000000000000000000000000000000000000000000000000000000                          7600000000                                                                  000121
102169496160001430000009003250002383313500601383              0000000013500601383500000000000000000000000009020202154086 E 56700000000135006013835250215000000005256023704157  000000000019000000000000000000000000000000000000000000000000000000000000000000000000000000000000000000000000000000000                          7600000000                                                                  000122
102169496160001430000009003250002383313500601384              0000000013500601384300000000000000000000000009020202155674      00000000135006013843250215000000000800023704157  000000000019000000000000000000000000000000000000000000000000000000000000000000000000000000000000000000000000000000000                          7600000000                                                                  000123
102169496160001430000009003250002383313500601385              0000000013500601385100000000000000000000000009020202154087 E 56700000000135006013851250215000000006650023704157  000000000019000000000000000000000000000000000000000000000000000000000000000000000000000000000000000000000000000000000                          7600000000                                                                  000124
102169496160001430000009003250002383313500601386              0000000013500601386P00000000000000000000000009020202154087 E 5670000000013500601386P270315000000006650023704157  000000000019000000000000000000000000000000000000000000000000000000000000000000000000000000000000000000000000000000000                          7600000000                                                                  000125
102169496160001430000009003250002383313500601387              0000000013500601387800000000000000000000000009020202154088 E 56700000000135006013878250215000000003990023704157  000000000019000000000000000000000000000000000000000000000000000000000000000000000000000000000000000000000000000000000                          7600000000                                                                  000126
102169496160001430000009003250002383313500601388              0000000013500601388600000000000000000000000009020202155677      00000000135006013886250215000000001200023704157  000000000019000000000000000000000000000000000000000000000000000000000000000000000000000000000000000000000000000000000                          7600000000                                                                  000127
102169496160001430000009003250002383313500601389              0000000013500601389400000000000000000000000009020202154089 E 56800000000135006013894250215000000003313023704157  000000000019000000000000000000000000000000000000000000000000000000000000000000000000000000000000000000000000000000000                          7600000000                                                                  000128
102169496160001430000009003250002383313500601390              0000000013500601390800000000000000000000000009020202154090 E 56800000000135006013908250215000000008886023704157  000000000019000000000000000000000000000000000000000000000000000000000000000000000000000000000000000000000000000000000                          7600000000                                                                  000129
102169496160001430000009003250002383313500601391              0000000013500601391600000000000000000000000009020202154091 E 56800000000135006013916250215000000006290023704157  000000000019000000000000000000000000000000000000000000000000000000000000000000000000000000000000000000000000000000000                          7600000000                                                                  000130
102169496160001430000009003250002383313500601392              0000000013500601392400000000000000000000000009020202154093 E 56800000000135006013924250215000000006327023704157  000000000019000000000000000000000000000000000000000000000000000000000000000000000000000000000000000000000000000000000                          7600000000                                                                  000131
102169496160001430000009003250002383313500601393              0000000013500601393200000000000000000000000009020202155684      00000000135006013932250215000000001600023704157  000000000019000000000000000000000000000000000000000000000000000000000000000000000000000000000000000000000000000000000                          7600000000                                                                  000132
102169496160001430000009003250002383313500601394              0000000013500601394000000000000000000000000009020202155685      00000000135006013940250215000000003800023704157  000000000019000000000000000000000000000000000000000000000000000000000000000000000000000000000000000000000000000000000                          7600000000                                                                  000133
102169496160001430000009003250002383313500601395              0000000013500601395900000000000000000000000009020202155644      00000000135006013959210215000000002800023704157  000000000019000000000000000000000000000000000000000000000000000000000000000000000000000000000000000000000000000000000                          7600000000                                                                  000134
102169496160001430000009003250002383313500601396              0000000013500601396700000000000000000000000009020202155645      00000000135006013967210215000000002800023704157  000000000019000000000000000000000000000000000000000000000000000000000000000000000000000000000000000000000000000000000                          7600000000                                                                  000135
102169496160001430000009003250002383313500601397              0000000013500601397500000000000000000000000009020202154064 E 56400000000135006013975210215000000007371723704157  000000000019000000000000000000000000000000000000000000000000000000000000000000000000000000000000000000000000000000000                          7600000000                                                                  000136
102169496160001430000009003250002383313500601398              0000000013500601398300000000000000000000000009020202154064 E 56400000000135006013983230315000000007371723704157  000000000019000000000000000000000000000000000000000000000000000000000000000000000000000000000000000000000000000000000                          7600000000                                                                  000137
102169496160001430000009003250002383313500601399              0000000013500601399100000000000000000000000009020202154064 E 56400000000135006013991220415000000007371623704157  000000000019000000000000000000000000000000000000000000000000000000000000000000000000000000000000000000000000000000000                          7600000000                                                                  000138
102169496160001430000009003250002383313500601400              0000000013500601400900000000000000000000000009020202155648      00000000135006014009210215000000000800023704157  000000000019000000000000000000000000000000000000000000000000000000000000000000000000000000000000000000000000000000000                          7600000000                                                                  000139
102169496160001430000009003250002383313500601401              0000000013500601401700000000000000000000000009020202154065 E 56400000000135006014017220215000000001450023704157  000000000019000000000000000000000000000000000000000000000000000000000000000000000000000000000000000000000000000000000                          7600000000                                                                  000140
102169496160001430000009003250002383313500601402              0000000013500601402500000000000000000000000009020202154066 E 56500000000135006014025220215000000004290023704157  000000000019000000000000000000000000000000000000000000000000000000000000000000000000000000000000000000000000000000000                          7600000000                                                                  000141
102169496160001430000009003250002383313500601403              0000000013500601403300000000000000000000000009020202154067 E 56500000000135006014033220215000000000830023704157  000000000019000000000000000000000000000000000000000000000000000000000000000000000000000000000000000000000000000000000                          7600000000                                                                  000142
102169496160001430000009003250002383313500601404              0000000013500601404100000000000000000000000009020202155669      00000000135006014041250215000000003800023704157  000000000019000000000000000000000000000000000000000000000000000000000000000000000000000000000000000000000000000000000                          7600000000                                                                  000143
102169496160001430000009003250002383313500601405              0000000013500601405P00000000000000000000000009020202155670      0000000013500601405P250215000000003200023704157  000000000019000000000000000000000000000000000000000000000000000000000000000000000000000000000000000000000000000000000                          7600000000                                                                  000144
102169496160001430000009003250002383313500601406              0000000013500601406800000000000000000000000009020202154062, 406300000000135006014068210215000000025108423704157  000000000019000000000000000000000000000000000000000000000000000000000000000000000000000000000000000000000000000000000                          7600000000                                                                  000145
102169496160001430000009003250002383313500601407              0000000013500601407600000000000000000000000009020202154062, 406300000000135006014076230315000000025108323704157  000000000019000000000000000000000000000000000000000000000000000000000000000000000000000000000000000000000000000000000                          7600000000                                                                  000146
102169496160001430000009003250002383313500601408              0000000013500601408400000000000000000000000009020202154062, 406300000000135006014084220415000000025108323704157  000000000019000000000000000000000000000000000000000000000000000000000000000000000000000000000000000000000000000000000                          7600000000                                                                  000147
102169496160001430000009003250002383313500601409              0000000013500601409200000000000000000000000009020202154053 E 56300000000135006014092210215000000008286023704157  000000000019000000000000000000000000000000000000000000000000000000000000000000000000000000000000000000000000000000000                          7600000000                                                                  000148
102169496160001430000009003250002383313500601410              000000001350060141060000000000000000000000000902020215405101    00000000135006014106210215000000027000023704157  000000000019000000000000000000000000000000000000000000000000000000000000000000000000000000000000000000000000000000000                          7600000000                                                                  000149
102169496160001430000009003250002383313500601411              000000001350060141140000000000000000000000000902020215405102    00000000135006014114230315000000027000023704157  000000000019000000000000000000000000000000000000000000000000000000000000000000000000000000000000000000000000000000000                          7600000000                                                                  000150
102169496160001430000009003250002383313500601412              000000001350060141220000000000000000000000000902020215405103    00000000135006014122220415000000027000023704157  000000000019000000000000000000000000000000000000000000000000000000000000000000000000000000000000000000000000000000000                          7600000000                                                                  000151
102169496160001430000009003250002383313500601413              000000001350060141300000000000000000000000000902020215405501    00000000135006014130210215000000023321023704157  000000000019000000000000000000000000000000000000000000000000000000000000000000000000000000000000000000000000000000000                          7600000000                                                                  000152
102169496160001430000009003250002383313500601414              000000001350060141490000000000000000000000000902020215405502    00000000135006014149230315000000023321023704157  000000000019000000000000000000000000000000000000000000000000000000000000000000000000000000000000000000000000000000000                          7600000000                                                                  000153
102169496160001430000009003250002383313500601415              000000001350060141570000000000000000000000000902020215405503    00000000135006014157220415000000023321023704157  000000000019000000000000000000000000000000000000000000000000000000000000000000000000000000000000000000000000000000000                          7600000000                                                                  000154
102169496160001430000009003250002383313500601416              0000000013500601416500000000000000000000000009020202154057 E 56400000000135006014165210215000000008323423704157  000000000019000000000000000000000000000000000000000000000000000000000000000000000000000000000000000000000000000000000                          7600000000                                                                  000155
102169496160001430000009003250002383313500601417              0000000013500601417300000000000000000000000009020202154057 E 56400000000135006014173230315000000008323323704157  000000000019000000000000000000000000000000000000000000000000000000000000000000000000000000000000000000000000000000000                          7600000000                                                                  000156
102169496160001430000009003250002383313500601418              0000000013500601418100000000000000000000000009020202154057 E 56400000000135006014181220415000000008323323704157  000000000019000000000000000000000000000000000000000000000000000000000000000000000000000000000000000000000000000000000                          7600000000                                                                  000157
102169496160001430000009003250002383313500601419              0000000013500601419P00000000000000000000000009020202154060/03   0000000013500601419P220415000000028935023704157  000000000019000000000000000000000000000000000000000000000000000000000000000000000000000000000000000000000000000000000                          7600000000                                                                  000158
102169496160001430000009003250002383313500601420              0000000013500601420300000000000000000000000009020202154060/01   00000000135006014203210215000000028935023704157  000000000019000000000000000000000000000000000000000000000000000000000000000000000000000000000000000000000000000000000                          7600000000                                                                  000159
102169496160001430000009003250002383313500601421              0000000013500601421100000000000000000000000009020202154060/02   00000000135006014211230315000000028935023704157  000000000019000000000000000000000000000000000000000000000000000000000000000000000000000000000000000000000000000000000                          7600000000                                                                  000160
102169496160001430000009003250002383313500601422              0000000013500601422P00000000000000000000000009020202154068 E 5650000000013500601422P220215000000007161023704157  000000000019000000000000000000000000000000000000000000000000000000000000000000000000000000000000000000000000000000000                          7600000000                                                                  000161
102169496160001430000009003250002383313500601423              0000000013500601423800000000000000000000000009020202154070 E 56500000000135006014238220215000000007751023704157  000000000019000000000000000000000000000000000000000000000000000000000000000000000000000000000000000000000000000000000                          7600000000                                                                  000162
102169496160001430000009003250002383313500601424              0000000013500601424600000000000000000000000009020202154071 E 56500000000135006014246220215000000010418823704157  000000000019000000000000000000000000000000000000000000000000000000000000000000000000000000000000000000000000000000000                          7600000000                                                                  000163
102169496160001430000009003250002383313500601425              0000000013500601425400000000000000000000000009020202154072 E 56500000000135006014254220215000000002575023704157  000000000019000000000000000000000000000000000000000000000000000000000000000000000000000000000000000000000000000000000                          7600000000                                                                  000164
102169496160001430000009003250002383313500601426              0000000013500601426200000000000000000000000009020202154073 E 56500000000135006014262220215000000001765023704157  000000000019000000000000000000000000000000000000000000000000000000000000000000000000000000000000000000000000000000000                          7600000000                                                                  000165
102169496160001430000009003250002383313500601427              0000000013500601427000000000000000000000000009020202154074 E 56500000000135006014270220215000000004609023704157  000000000019000000000000000000000000000000000000000000000000000000000000000000000000000000000000000000000000000000000                          7600000000                                                                  000166
102169496160001430000009003250002383313500601428              0000000013500601428900000000000000000000000009020202154075 E 56500000000135006014289220215000000004590023704157  000000000019000000000000000000000000000000000000000000000000000000000000000000000000000000000000000000000000000000000                          7600000000                                                                  000167
102169496160001430000009003250002383313500601429              0000000013500601429700000000000000000000000009020202155668      00000000135006014297230215000000003520023701604  000000000019000000000000000000000000000000000000000000000000000000000000000000000000000000000000000000000000000000000                          0000000000                                                                  000168
102169496160001430000009003250002383313500601430              0000000013500601430000000000000000000000000009020202154084      00000000135006014300230215000000001760023701604  000000000019000000000000000000000000000000000000000000000000000000000000000000000000000000000000000000000000000000000                          0000000000                                                                  000169
102169496160001430000009003250002383313500601431              0000000013500601431900000000000000000000000009020202155667      00000000135006014319190215000000002200023701604  000000000019000000000000000000000000000000000000000000000000000000000000000000000000000000000000000000000000000000000                          0000000000                                                                  000170
102169496160001430000009003250002383313500601432              0000000013500601432700000000000000000000000009020202154083      00000000135006014327190215000000001180023701604  000000000019000000000000000000000000000000000000000000000000000000000000000000000000000000000000000000000000000000000                          0000000000                                                                  000171
102169496160001430000009003250002383313500601433              0000000013500601433500000000000000000000000009020202155666      00000000135006014335190215000000001100023700325  000000000019000000000000000000000000000000000000000000000000000000000000000000000000000000000000000000000000000000000                          0000000000                                                                  000172
102169496160001430000009003250002383313500601434              0000000013500601434300000000000000000000000009020202154094, 568600000000135006014343200215000000005753523704426  000000000019000000000000000000000000000000000000000000000000000000000000000000000000000000000000000000000000000000000                          0000000000                                                                  000173
102169496160001430000009003250002383313500601435              0000000013500601435100000000000000000000000009020202154094, 568600000000135006014351060315000000005753523704426  000000000019000000000000000000000000000000000000000000000000000000000000000000000000000000000000000000000000000000000                          0000000000                                                                  000174
102169496160001430000009003250002383313500601436              0000000013500601436P00000000000000000000000009020202155688      0000000013500601436P230215000000004800023704426  000000000019000000000000000000000000000000000000000000000000000000000000000000000000000000000000000000000000000000000                          0000000000                                                                  000175
102169496160001430000009003250002383313500601438              0000000013500601438600000000000000000000000009020202154054 E 56300000000135006014386210215000000008110023704157  000000000019000000000000000000000000000000000000000000000000000000000000000000000000000000000000000000000000000000000                          7600000000                                                                  000176
102169496160001430000009003250002383313500601482              0000000013500601482300000000000000000000000009020202154135      00000000135006014823260215000000000120023700325  000000000019000000000000000000000000000000000000000000000000000000000000000000000000000000000000000000000000000000000                          0000000000                                                                  000177
102169496160001430000009003250002383313500601483              0000000013500601483100000000000000000000000009020202155752      00000000135006014831260215000000001100023700325  000000000019000000000000000000000000000000000000000000000000000000000000000000000000000000000000000000000000000000000                          0000000000                                                                  000178
102169496160001430000009003250002383313500601484              0000000013500601484P00000000000000000000000009020202154134      0000000013500601484P260215000000001000023700325  000000000019000000000000000000000000000000000000000000000000000000000000000000000000000000000000000000000000000000000                          0000000000                                                                  000179
102169496160001430000009003250002383313500601485              0000000013500601485800000000000000000000000009020202155751      00000000135006014858260215000000001900023700325  000000000019000000000000000000000000000000000000000000000000000000000000000000000000000000000000000000000000000000000                          0000000000                                                                  000180
102169496160001430000009003250002383313500601486              0000000013500601486600000000000000000000000009020202155754      00000000135006014866130215000000010323423704143  000000000019000000000000000000000000000000000000000000000000000000000000000000000000000000000000000000000000000000000                          0000000000                                                                  000181
102169496160001430000009003250002383313500601487              0000000013500601487400000000000000000000000009020202155754/02   00000000135006014874270215000000010323323704143  000000000019000000000000000000000000000000000000000000000000000000000000000000000000000000000000000000000000000000000                          0000000000                                                                  000182
102169496160001430000009003250002383313500601488              0000000013500601488200000000000000000000000009020202155754/03   00000000135006014882130315000000010323323704143  000000000019000000000000000000000000000000000000000000000000000000000000000000000000000000000000000000000000000000000                          0000000000                                                                  000183
102169496160001430000009003250002383313500601489              0000000013500601489000000000000000000000000009020202153381E4727B00000000135006014890060215000000021320023704426  000000000019000000000000000000000000000000000000000000000000000000000000000000000000000000000000000000000000000000000                          0000000000                                                                  000184
102169496160001430000009003250002383313500601497              0000000013500601497100000000000000000000000009020202155779      00000000135006014971270215000000001800023700325  000000000019000000000000000000000000000000000000000000000000000000000000000000000000000000000000000000000000000000000                          0000000000                                                                  000185
102169496160001430000009003250002383313500601498              0000000013500601498P00000000000000000000000009020202155778      0000000013500601498P170215000000004100023700325  000000000019000000000000000000000000000000000000000000000000000000000000000000000000000000000000000000000000000000000                          0000000000                                                                  000186
102169496160001430000009003250002383313500601499              0000000013500601499800000000000000000000000009020202154158      00000000135006014998170215000000008484023700325  000000000019000000000000000000000000000000000000000000000000000000000000000000000000000000000000000000000000000000000                          0000000000                                                                  000187
102169496160001430000009003250002383313500601500              0000000013500601500500000000000000000000000009020202155776      00000000135006015005160215000000002200023704274  000000000019000000000000000000000000000000000000000000000000000000000000000000000000000000000000000000000000000000000                          0000000000                                                                  000188
102169496160001430000009003250002383313500601501              0000000013500601501300000000000000000000000009020202155768/01   00000000135006015013270215000000022000023704274  000000000019000000000000000000000000000000000000000000000000000000000000000000000000000000000000000000000000000000000                          7600000000                                                                  000189
102169496160001430000009003250002383313500601502              0000000013500601502100000000000000000000000009020202155768/02   00000000135006015021270315000000022000023704274  000000000019000000000000000000000000000000000000000000000000000000000000000000000000000000000000000000000000000000000                          7600000000                                                                  000190
102169496160001430000009003250002383313500601503              0000000013500601503P00000000000000000000000009020202154148 E 5760000000013500601503P280215000000007350023704157  000000000019000000000000000000000000000000000000000000000000000000000000000000000000000000000000000000000000000000000                          7600000000                                                                  000191
102169496160001430000009003250002383313500601504              0000000013500601504800000000000000000000000009020202154148 E 57600000000135006015048300315000000007350023704157  000000000019000000000000000000000000000000000000000000000000000000000000000000000000000000000000000000000000000000000                          7600000000                                                                  000192
102169496160001430000009003250002383313500601505              0000000013500601505600000000000000000000000009020202154147 E 57600000000135006015056280215000000005889023704157  000000000019000000000000000000000000000000000000000000000000000000000000000000000000000000000000000000000000000000000                          7600000000                                                                  000193
102169496160001430000009003250002383313500601506              0000000013500601506400000000000000000000000009020202154146 E 57600000000135006015064280215000000007005023704157  000000000019000000000000000000000000000000000000000000000000000000000000000000000000000000000000000000000000000000000                          7600000000                                                                  000194
102169496160001430000009003250002383313500601507              0000000013500601507200000000000000000000000009020202154143 E 57600000000135006015072280215000000001390023704157  000000000019000000000000000000000000000000000000000000000000000000000000000000000000000000000000000000000000000000000                          7600000000                                                                  000195
102169496160001430000009003250002383313500601508              0000000013500601508000000000000000000000000009020202154142 E 57500000000135006015080280215000000006090023704157  000000000019000000000000000000000000000000000000000000000000000000000000000000000000000000000000000000000000000000000                          7600000000                                                                  000196
102169496160001430000009003250002383313500601509              0000000013500601509900000000000000000000000009020202154140 E 57500000000135006015099280215000000005406023704157  000000000019000000000000000000000000000000000000000000000000000000000000000000000000000000000000000000000000000000000                          7600000000                                                                  000197
102169496160001430000009003250002383313500601510              0000000013500601510200000000000000000000000009020202155757      00000000135006015102280215000000002800023704157  000000000019000000000000000000000000000000000000000000000000000000000000000000000000000000000000000000000000000000000                          7600000000                                                                  000198
102169496160001430000009003250002383313500601511              0000000013500601511000000000000000000000000009020202154139 E 57500000000135006015110280215000000007535023704157  000000000019000000000000000000000000000000000000000000000000000000000000000000000000000000000000000000000000000000000                          7600000000                                                                  000199
102169496160001430000009003250002383313500601512              0000000013500601512900000000000000000000000009020202154139 E 57500000000135006015129300315000000007535023704157  000000000019000000000000000000000000000000000000000000000000000000000000000000000000000000000000000000000000000000000                          7600000000                                                                  000200
102169496160001430000009003250002383313500601513              0000000013500601513700000000000000000000000009020202154138 E 57500000000135006015137280215000000007535023704157  000000000019000000000000000000000000000000000000000000000000000000000000000000000000000000000000000000000000000000000                          7600000000                                                                  000201
102169496160001430000009003250002383313500601514              0000000013500601514500000000000000000000000009020202155781/02   00000000135006015145310315000000010412023704274  000000000019000000000000000000000000000000000000000000000000000000000000000000000000000000000000000000000000000000000                          0000000000                                                                  000202
102169496160001430000009003250002383313500601515              0000000013500601515300000000000000000000000009020202155781/01   00000000135006015153010315000000010412023704274  000000000019000000000000000000000000000000000000000000000000000000000000000000000000000000000000000000000000000000000                          0000000000                                                                  000203
102169496160001430000009003250002383313500601516              0000000013500601516100000000000000000000000009020202154157      00000000135006015161160215000000000580023704274  000000000019000000000000000000000000000000000000000000000000000000000000000000000000000000000000000000000000000000000                          0000000000                                                                  000204
102169496160001430000009003250002383329291184002383612        000000001343430069250000000000000000000000000906020215041214 B  00000000134343006925020215000000011530003303044  000000000000000000000000000000000000000000000000000000000000000000000000000000000000011530000000000000000000000000000   030215             00000000000000                                                                  000205
102169496160001430000009003250002383313500601109              0000000013500601109300000000000000000000000009060202155450      00000000135006011093060215000000002800023701571  000000000000000000000000000000000000000000000000000000000000000000000000000000000000002800000000000000000000000000000   030215             00000000000000                                                                  000206
1021694961600014300000090032500023833                         000000001350060111820000000000000000000000000917020215          00000000135006011182000000000000008670003303044  000000000000000000000000000000000000000000000000000000000000000000000000000000000000008670000000000000000000000000000   030215                 0000000000                                                                  000207
1021694961600014300000090032500023833                         000000001350060113010000000000000000000000000917020215          00000000135006011301000000000000001500023703507  000000000000000000000000000000000000000000000000000000000000000000000000000000000000001500000000000000000000000000000   030215                 0000000000                                                                  000208
102169496160001430000009003250002383313500601131              0000000013500601131P00000000000000000000000009320202153886 E 5360000000013500601131P060215000000011025023700000  000000000000000000000000000000000000000000000000000000000000000000000000000000000000000000000000000000000000000000000                          6000000000                                                                  000209
102169496160001430000009003250002383313500601253              0000000013500601253700000000000000000000000009320202153962 E 54900000000135006012537090215000000004920023700000  000000000000000000000000000000000000000000000000000000000000000000000000000000000000000000000000000000000000000000000                          6000000000                                                                  000210
9201237          000003910000004728016300000061          00203000017761858000000143300000020000001433000000000000000000000000000000000000000000000000000000000000000000000000000000000000000                                                                                                                                                                              00000000000000000000000         000211
