02RETORNO01COBRANCA       00000000000004545031ENGLERT & SZINVELSKI AUTO-ELET237BRADESCO       0502150160000000497                                                                                                                                                                                                                                                                          060215         000001
102169496160001430000009003250122685113500601045              0000000013500601045300000000000000000000000009020502153902 E 53900000000135006010453030215000000005910023704426  000000000000000000000000000000000000000000000000000000000000000000000000000000000000000000000000000000000000000000000                          0000000000                                                                  000002
102169496160001430000009003250122685113500601046              0000000013500601046100000000000000000000000009020502153902 E 53900000000135006010461180215000000005910023704426  000000000018100000000000000000000000000000000000000000000000000000000000000000000000000000000000000000000000000000000                          0000000000                                                                  000003
102169496160001430000009003250122685113500601047              0000000013500601047P00000000000000000000000009020502153902 E 5390000000013500601047P030315000000005910023704426  000000000018100000000000000000000000000000000000000000000000000000000000000000000000000000000000000000000000000000000                          0000000000                                                                  000004
102169496160001430000009003250122685113500601071              0000000013500601071200000000000000000000000009020502155471      00000000135006010712160215000000006300023704158  000000000018100000000000000000000000000000000000000000000000000000000000000000000000000000000000000000000000000000000                          0000000000                                                                  000005
102169496160001430000009003250122685113500601072              0000000013500601072000000000000000000000000009020502153895 E 53800000000135006010720180215000000006275023701589  000000000018100000000000000000000000000000000000000000000000000000000000000000000000000000000000000000000000000000000                          0000000000                                                                  000006
102169496160001430000009003250122685113500601073              0000000013500601073900000000000000000000000009020502153890 E 53700000000135006010739180215000000005120023704426  000000000018100000000000000000000000000000000000000000000000000000000000000000000000000000000000000000000000000000000                          0000000000                                                                  000007
102169496160001430000009003250122685113500601077              0000000013500601077100000000000000000000000009020502153935      00000000135006010771060215000000001820023704426  000000000018100000000000000000000000000000000000000000000000000000000000000000000000000000000000000000000000000000000                          0000000000                                                                  000008
102169496160001430000009003250122685113500601078              0000000013500601078P00000000000000000000000009020502153934 E 5440000000013500601078P060215000000006600023704426  000000000018100000000000000000000000000000000000000000000000000000000000000000000000000000000000000000000000000000000                          0000000000                                                                  000009
102169496160001430000009003250122685113500601079              0000000013500601079800000000000000000000000009020502155442      00000000135006010798060215000000001900023704426  000000000018100000000000000000000000000000000000000000000000000000000000000000000000000000000000000000000000000000000                          0000000000                                                                  000010
102169496160001430000009003250122685113500601080              0000000013500601080100000000000000000000000009020502153920 E 54200000000135006010801060215000000007700023704157  000000000018100000000000000000000000000000000000000000000000000000000000000000000000000000000000000000000000000000000                          0000000000                                                                  000011
102169496160001430000009003250122685113500601081              0000000013500601081P00000000000000000000000009020502155441      0000000013500601081P060215000000000990023704274  000000000018100000000000000000000000000000000000000000000000000000000000000000000000000000000000000000000000000000000                          0000000000                                                                  000012
102169496160001430000009003250122685113500601082              0000000013500601082800000000000000000000000009020502155440      00000000135006010828060215000000001580023701604  000000000018100000000000000000000000000000000000000000000000000000000000000000000000000000000000000000000000000000000                          0000000000                                                                  000013
102169496160001430000009003250122685113500601085              000000001350060108520000000000000000000000000902050215080115/02 00000000135006010852190215000000019550023704426  000000000018100000000000000000000000000000000000000000000000000000000000000000000000000000000000000000000000000000000                          0000000000                                                                  000014
102169496160001430000009003250122685113500601167              0000000013500601167000000000000000000000000009020502155539/01   00000000135006011670110215000000005893423704426  000000000018100000000000000000000000000000000000000000000000000000000000000000000000000000000000000000000000000000000                          0000000000                                                                  000015
102169496160001430000009003250122685113500601168              0000000013500601168900000000000000000000000009020502155539/02   00000000135006011689250215000000005893323704426  000000000018100000000000000000000000000000000000000000000000000000000000000000000000000000000000000000000000000000000                          0000000000                                                                  000016
102169496160001430000009003250122685113500601169              0000000013500601169700000000000000000000000009020502155539/03   00000000135006011697110315000000005893323704426  000000000018100000000000000000000000000000000000000000000000000000000000000000000000000000000000000000000000000000000                          0000000000                                                                  000017
102169496160001430000009003250122685113500601170              0000000013500601170000000000000000000000000009020502155535      00000000135006011700120215000000009300023704274  000000000018100000000000000000000000000000000000000000000000000000000000000000000000000000000000000000000000000000000                          0000000000                                                                  000018
102169496160001430000009003250122685113500601171              0000000013500601171900000000000000000000000009020502151301/001  00000000135006011719100215000000016220023701604  000000000018100000000000000000000000000000000000000000000000000000000000000000000000000000000000000000000000000000000                          0000000000                                                                  000019
102169496160001430000009003250122685113500601258              0000000013500601258800000000000000000000000009020502154016      00000000135006012588160215000000014100023704426  000000000018100000000000000000000000000000000000000000000000000000000000000000000000000000000000000000000000000000000                          0000000000                                                                  000020
102169496160001430000009003250122685113500601259              0000000013500601259600000000000000000000000009020502154018/01   00000000135006012596180215000000006000023704157  000000000018100000000000000000000000000000000000000000000000000000000000000000000000000000000000000000000000000000000                          0000000000                                                                  000021
102169496160001430000009003250122685113500601260              0000000013500601260P00000000000000000000000009020502154018/02   0000000013500601260P200315000000006000023704157  000000000018100000000000000000000000000000000000000000000000000000000000000000000000000000000000000000000000000000000                          0000000000                                                                  000022
102169496160001430000009003250122685113500601265              0000000013500601265000000000000000000000000009020502155586      00000000135006012650130215000000000900023701604  000000000018100000000000000000000000000000000000000000000000000000000000000000000000000000000000000000000000000000000                          0000000000                                                                  000023
102169496160001430000009003250122685113500601266              0000000013500601266900000000000000000000000009020502154022      00000000135006012669130215000000001640023701604  000000000018100000000000000000000000000000000000000000000000000000000000000000000000000000000000000000000000000000000                          0000000000                                                                  000024
102169496160001430000009003250122685113500601267              0000000013500601267700000000000000000000000009020502154037 E 56100000000135006012677180215000000003060023701604  000000000018100000000000000000000000000000000000000000000000000000000000000000000000000000000000000000000000000000000                          0000000000                                                                  000025
102169496160001430000009003250122685113500601268              0000000013500601268500000000000000000000000009020502155589      00000000135006012685160215000000002900023701604  000000000018100000000000000000000000000000000000000000000000000000000000000000000000000000000000000000000000000000000                          0000000000                                                                  000026
102169496160001430000009003250122685113500601301              00000000135006013010000000000000000000000000090205021520012015  00000000135006013010180215000000051000023704426  000000000018100000000000000000000000000000000000000000000000000000000000000000000000000000000000000000000000000000000                          0000000000                                                                  000027
102169496160001430000009003250122685113500601302              0000000013500601302900000000000000000000000009020502155607      00000000135006013029180215000000001700023704274  000000000018100000000000000000000000000000000000000000000000000000000000000000000000000000000000000000000000000000000                          0000000000                                                                  000028
102169496160001430000009003250122685113500601303              0000000013500601303700000000000000000000000009020502154031      00000000135006013037180215000000002500023704274  000000000018100000000000000000000000000000000000000000000000000000000000000000000000000000000000000000000000000000000                          0000000000                                                                  000029
102169496160001430000009003250122685113500601304              0000000013500601304500000000000000000000000009020502155597      00000000135006013045180215000000003500023704426  000000000018100000000000000000000000000000000000000000000000000000000000000000000000000000000000000000000000000000000                          0000000000                                                                  000030
102169496160001430000009003250122685113500601305              0000000013500601305300000000000000000000000009020502154029      00000000135006013053180215000000019600023704426  000000000018100000000000000000000000000000000000000000000000000000000000000000000000000000000000000000000000000000000                          0000000000                                                                  000031
102169496160001430000009003250122685113500601306              0000000013500601306100000000000000000000000009020502155594      00000000135006013061180215000000003610023704426  000000000018100000000000000000000000000000000000000000000000000000000000000000000000000000000000000000000000000000000                          0000000000                                                                  000032
102169496160001430000009003250122685113500601307              0000000013500601307P00000000000000000000000009020502154025, 40260000000013500601307P160215000000022075023704426  000000000018100000000000000000000000000000000000000000000000000000000000000000000000000000000000000000000000000000000                          0000000000                                                                  000033
102169496160001430000009003250122685113500601308              0000000013500601308800000000000000000000000009020502155590      00000000135006013088160215000000012430023704426  000000000018100000000000000000000000000000000000000000000000000000000000000000000000000000000000000000000000000000000                          0000000000                                                                  000034
102169496160001430000009003250122685113500601309              0000000013500601309600000000000000000000000009020502154024 E 55800000000135006013096160215000000005233423704426  000000000018100000000000000000000000000000000000000000000000000000000000000000000000000000000000000000000000000000000                          0000000000                                                                  000035
102169496160001430000009003250122685113500601310              0000000013500601310P00000000000000000000000009020502154024 E 5580000000013500601310P020315000000005233323704426  000000000018100000000000000000000000000000000000000000000000000000000000000000000000000000000000000000000000000000000                          0000000000                                                                  000036
102169496160001430000009003250122685113500601311              0000000013500601311800000000000000000000000009020502154024 E 55800000000135006013118160315000000005233323704426  000000000018100000000000000000000000000000000000000000000000000000000000000000000000000000000000000000000000000000000                          0000000000                                                                  000037
102169496160001430000009003250122685113500601313              0000000013500601313400000000000000000000000009020502154023 E 55800000000135006013134160215000000010276723704426  000000000018100000000000000000000000000000000000000000000000000000000000000000000000000000000000000000000000000000000                          0000000000                                                                  000038
102169496160001430000009003250122685113500601314              0000000013500601314200000000000000000000000009020502154023 E 55800000000135006013142020315000000010276723704426  000000000018100000000000000000000000000000000000000000000000000000000000000000000000000000000000000000000000000000000                          0000000000                                                                  000039
102169496160001430000009003250122685113500601315              0000000013500601315000000000000000000000000009020502154023 E 55800000000135006013150160315000000010276623704426  000000000018100000000000000000000000000000000000000000000000000000000000000000000000000000000000000000000000000000000                          0000000000                                                                  000040
102169496160001430000009003250122685113500601316              0000000013500601316900000000000000000000000009020502155585      00000000135006013169160215000000004800023704426  000000000018100000000000000000000000000000000000000000000000000000000000000000000000000000000000000000000000000000000                          0000000000                                                                  000041
102169496160001430000009003250122685113500601317              0000000013500601317700000000000000000000000009020502155579 E 55800000000135006013177160215000000004130023704426  000000000018100000000000000000000000000000000000000000000000000000000000000000000000000000000000000000000000000000000                          0000000000                                                                  000042
102169496160001430000009003250122685113500601318              0000000013500601318500000000000000000000000009020502155579 E 55800000000135006013185020315000000004130023704426  000000000018100000000000000000000000000000000000000000000000000000000000000000000000000000000000000000000000000000000                          0000000000                                                                  000043
102169496160001430000009003250122685113500601319              0000000013500601319300000000000000000000000009020502154021 E 55800000000135006013193160215000000009420023701942  000000000018100000000000000000000000000000000000000000000000000000000000000000000000000000000000000000000000000000000                          0000000000                                                                  000044
102169496160001430000009003250122685113500601320              0000000013500601320700000000000000000000000009020502155581      00000000135006013207160215000000004210023704274  000000000018100000000000000000000000000000000000000000000000000000000000000000000000000000000000000000000000000000000                          0000000000                                                                  000045
102169496160001430000009003250122685113500601321              0000000013500601321500000000000000000000000009020502155580      00000000135006013215160215000000000900023704426  000000000018100000000000000000000000000000000000000000000000000000000000000000000000000000000000000000000000000000000                          0000000000                                                                  000046
102169496160001430000009003250122685113500601322              0000000013500601322300000000000000000000000009020502155578      00000000135006013223160215000000006850023704158  000000000018100000000000000000000000000000000000000000000000000000000000000000000000000000000000000000000000000000000                          0000000000                                                                  000047
102169496160001430000009003250122685113500601323              0000000013500601323100000000000000000000000009020502155620      00000000135006013231180215000000002100023701604  000000000018100000000000000000000000000000000000000000000000000000000000000000000000000000000000000000000000000000000                          0000000000                                                                  000048
102169496160001430000009003250122685113500601324              0000000013500601324P00000000000000000000000009020502154044      0000000013500601324P180215000000004200023701604  000000000018100000000000000000000000000000000000000000000000000000000000000000000000000000000000000000000000000000000                          0000000000                                                                  000049
102169496160001430000009003250122685113500601325              0000000013500601325800000000000000000000000009020502154014 E 55700000000135006013258180215000000003273423704426  000000000018100000000000000000000000000000000000000000000000000000000000000000000000000000000000000000000000000000000                          0000000000                                                                  000050
102169496160001430000009003250122685113500601326              0000000013500601326600000000000000000000000009020502154014 E 55700000000135006013266200315000000003273323704426  000000000018100000000000000000000000000000000000000000000000000000000000000000000000000000000000000000000000000000000                          0000000000                                                                  000051
102169496160001430000009003250122685113500601327              0000000013500601327400000000000000000000000009020502154014 E 55700000000135006013274200415000000003273323704426  000000000018100000000000000000000000000000000000000000000000000000000000000000000000000000000000000000000000000000000                          0000000000                                                                  000052
102169496160001430000009003250122685113500601328              0000000013500601328200000000000000000000000009020502155574      00000000135006013282160215000000001040023704426  000000000018100000000000000000000000000000000000000000000000000000000000000000000000000000000000000000000000000000000                          0000000000                                                                  000053
102169496160001430000009003250122685113500601329              0000000013500601329000000000000000000000000009020502155573      00000000135006013290160215000000012430023704426  000000000018100000000000000000000000000000000000000000000000000000000000000000000000000000000000000000000000000000000                          0000000000                                                                  000054
102169496160001430000009003250122685113500601330              0000000013500601330400000000000000000000000009020502154013 E 55700000000135006013304160215000000021010023704426  000000000018100000000000000000000000000000000000000000000000000000000000000000000000000000000000000000000000000000000                          0000000000                                                                  000055
102169496160001430000009003250122685113500601331              0000000013500601331200000000000000000000000009020502154012 E 55700000000135006013312160215000000008900023704426  000000000018100000000000000000000000000000000000000000000000000000000000000000000000000000000000000000000000000000000                          0000000000                                                                  000056
102169496160001430000009003250122685113500601332              0000000013500601332000000000000000000000000009020502155569      00000000135006013320160215000000003500023704426  000000000018100000000000000000000000000000000000000000000000000000000000000000000000000000000000000000000000000000000                          0000000000                                                                  000057
102169496160001430000009003250122685113500601333              0000000013500601333900000000000000000000000009020502155568      00000000135006013339160215000000004800023704426  000000000018100000000000000000000000000000000000000000000000000000000000000000000000000000000000000000000000000000000                          0000000000                                                                  000058
102169496160001430000009003250122685113500601334              0000000013500601334700000000000000000000000009020502154048/01   00000000135006013347200215000000004266723704426  000000000018100000000000000000000000000000000000000000000000000000000000000000000000000000000000000000000000000000000                          0000000000                                                                  000059
102169496160001430000009003250122685113500601335              0000000013500601335500000000000000000000000009020502154048/02   00000000135006013355220315000000004266723704426  000000000018100000000000000000000000000000000000000000000000000000000000000000000000000000000000000000000000000000000                          0000000000                                                                  000060
102169496160001430000009003250122685113500601336              0000000013500601336300000000000000000000000009020502154048/03   00000000135006013363210415000000004266623704426  000000000018100000000000000000000000000000000000000000000000000000000000000000000000000000000000000000000000000000000                          0000000000                                                                  000061
102169496160001430000009003250122685113500601337              0000000013500601337100000000000000000000000009020502154011      00000000135006013371160215000000004000023704274  000000000018100000000000000000000000000000000000000000000000000000000000000000000000000000000000000000000000000000000                          0000000000                                                                  000062
102169496160001430000009003250122685113500601338              0000000013500601338P00000000000000000000000009020502154010 E 5560000000013500601338P130215000000024500023700325  000000000018100000000000000000000000000000000000000000000000000000000000000000000000000000000000000000000000000000000                          0000000000                                                                  000063
102169496160001430000009003250122685113500601339              0000000013500601339800000000000000000000000009020502154010 E 55600000000135006013398270215000000024500023700325  000000000018100000000000000000000000000000000000000000000000000000000000000000000000000000000000000000000000000000000                          0000000000                                                                  000064
102169496160001430000009003250122685113500601340              0000000013500601340100000000000000000000000009020502155561      00000000135006013401130215000000004400023704426  000000000018100000000000000000000000000000000000000000000000000000000000000000000000000000000000000000000000000000000                          0000000000                                                                  000065
102169496160001430000009003250122685113500601341              0000000013500601341P00000000000000000000000009020502155564      0000000013500601341P190215000000002900023701604  000000000018100000000000000000000000000000000000000000000000000000000000000000000000000000000000000000000000000000000                          0000000000                                                                  000066
102169496160001430000009003250122685113500601342              0000000013500601342800000000000000000000000009020502155565      00000000135006013428190215000000005150023701604  000000000018100000000000000000000000000000000000000000000000000000000000000000000000000000000000000000000000000000000                          0000000000                                                                  000067
102169496160001430000009003250122685113500601343              0000000013500601343600000000000000000000000009020502155566      00000000135006013436190215000000003860023701604  000000000018100000000000000000000000000000000000000000000000000000000000000000000000000000000000000000000000000000000                          0000000000                                                                  000068
102169496160001430000009003250122685113500601344              0000000013500601344400000000000000000000000009020502154009      00000000135006013444130215000000002050023704426  000000000018100000000000000000000000000000000000000000000000000000000000000000000000000000000000000000000000000000000                          0000000000                                                                  000069
102169496160001430000009003250122685113500601345              0000000013500601345200000000000000000000000009020502155622      00000000135006013452180215000000011000023704143  000000000018100000000000000000000000000000000000000000000000000000000000000000000000000000000000000000000000000000000                          0000000000                                                                  000070
102169496160001430000009003250122685113500601346              0000000013500601346000000000000000000000000009020502155621      00000000135006013460180215000000002100023704426  000000000018100000000000000000000000000000000000000000000000000000000000000000000000000000000000000000000000000000000                          0000000000                                                                  000071
102169496160001430000009003250122685113500601347              0000000013500601347900000000000000000000000009020502155626      00000000135006013479180215000000002620023704426  000000000018100000000000000000000000000000000000000000000000000000000000000000000000000000000000000000000000000000000                          0000000000                                                                  000072
102169496160001430000009003250122685113500601348              0000000013500601348700000000000000000000000009020502154050 E 56200000000135006013487180215000000009850023704426  000000000018100000000000000000000000000000000000000000000000000000000000000000000000000000000000000000000000000000000                          0000000000                                                                  000073
102169496160001430000009003250122685113500601349              0000000013500601349500000000000000000000000009020502154047 E 56200000000135006013495180215000000008450023704426  000000000018100000000000000000000000000000000000000000000000000000000000000000000000000000000000000000000000000000000                          0000000000                                                                  000074
102169496160001430000009003250122685113500601350              0000000013500601350900000000000000000000000009020502154047 E 56200000000135006013509040315000000008450023704426  000000000018100000000000000000000000000000000000000000000000000000000000000000000000000000000000000000000000000000000                          0000000000                                                                  000075
102169496160001430000009003250122685113500601351              0000000013500601351700000000000000000000000009020502154046      00000000135006013517180215000000005800023704426  000000000018100000000000000000000000000000000000000000000000000000000000000000000000000000000000000000000000000000000                          0000000000                                                                  000076
102169496160001430000009003250122685113500601356              0000000013500601356800000000000000000000000009020502155635/01   00000000135006013568200215000000001933323704426  000000000018100000000000000000000000000000000000000000000000000000000000000000000000000000000000000000000000000000000                          0000000000                                                                  000077
102169496160001430000009003250122685113500601357              0000000013500601357600000000000000000000000009020502155635/02   00000000135006013576220315000000001933323704426  000000000018100000000000000000000000000000000000000000000000000000000000000000000000000000000000000000000000000000000                          0000000000                                                                  000078
102169496160001430000009003250122685113500601358              0000000013500601358400000000000000000000000009020502155635/03   00000000135006013584210415000000001933423704426  000000000018100000000000000000000000000000000000000000000000000000000000000000000000000000000000000000000000000000000                          0000000000                                                                  000079
102169496160001430000009003250122685113500601361              0000000013500601361400000000000000000000000009020502155661      00000000135006013614230215000000014000023704274  000000000018100000000000000000000000000000000000000000000000000000000000000000000000000000000000000000000000000000000                          0000000000                                                                  000080
102169496160001430000009003250122685113500601440              0000000013500601440800000000000000000000000009020502154109      00000000135006014408230215000000004100023704426  000000000018100000000000000000000000000000000000000000000000000000000000000000000000000000000000000000000000000000000                          0000000000                                                                  000081
102169496160001430000009003250122685113500601441              0000000013500601441600000000000000000000000009020502155708/01   00000000135006014416240215000000012500023704426  000000000018100000000000000000000000000000000000000000000000000000000000000000000000000000000000000000000000000000000                          0000000000                                                                  000082
102169496160001430000009003250122685113500601442              0000000013500601442400000000000000000000000009020502155708/02   00000000135006014424100315000000012500023704426  000000000018100000000000000000000000000000000000000000000000000000000000000000000000000000000000000000000000000000000                          0000000000                                                                  000083
102169496160001430000009003250122685113500601443              0000000013500601443200000000000000000000000009020502154110 E 57100000000135006014432240215000000003400023704426  000000000018100000000000000000000000000000000000000000000000000000000000000000000000000000000000000000000000000000000                          0000000000                                                                  000084
102169496160001430000009003250122685113500601444              0000000013500601444000000000000000000000000009020502154111/01   00000000135006014440240215000000005400023700325  000000000018100000000000000000000000000000000000000000000000000000000000000000000000000000000000000000000000000000000                          0000000000                                                                  000085
102169496160001430000009003250122685113500601445              0000000013500601445900000000000000000000000009020502154111/02   00000000135006014459240315000000005400023700325  000000000018100000000000000000000000000000000000000000000000000000000000000000000000000000000000000000000000000000000                          0000000000                                                                  000086
102169496160001430000009003250122685113500601446              0000000013500601446700000000000000000000000009020502155712      00000000135006014467240215000000002600023704426  000000000018100000000000000000000000000000000000000000000000000000000000000000000000000000000000000000000000000000000                          0000000000                                                                  000087
102169496160001430000009003250122685113500601447              0000000013500601447500000000000000000000000009020502155713      00000000135006014475240215000000002100023704158  000000000018100000000000000000000000000000000000000000000000000000000000000000000000000000000000000000000000000000000                          0000000000                                                                  000088
102169496160001430000009003250122685113500601448              0000000013500601448300000000000000000000000009020502154113 E 57100000000135006014483240215000000015534023704426  000000000018100000000000000000000000000000000000000000000000000000000000000000000000000000000000000000000000000000000                          0000000000                                                                  000089
102169496160001430000009003250122685113500601449              0000000013500601449100000000000000000000000009020502154114 E 57100000000135006014491240215000000005405023700325  000000000018100000000000000000000000000000000000000000000000000000000000000000000000000000000000000000000000000000000                          0000000000                                                                  000090
102169496160001430000009003250122685113500601450              0000000013500601450500000000000000000000000009020502154114 E 57100000000135006014505100315000000005405023700325  000000000018100000000000000000000000000000000000000000000000000000000000000000000000000000000000000000000000000000000                          0000000000                                                                  000091
102169496160001430000009003250122685113500601451              0000000013500601451300000000000000000000000009020502155716      00000000135006014513240215000000001200023704426  000000000018100000000000000000000000000000000000000000000000000000000000000000000000000000000000000000000000000000000                          0000000000                                                                  000092
102169496160001430000009003250122685113500601452              00000000135006014521000000000000000000000000090205021526012015  00000000135006014521230215000000019360023701604  000000000018100000000000000000000000000000000000000000000000000000000000000000000000000000000000000000000000000000000                          0000000000                                                                  000093
102169496160001430000009003250122685113500601453              0000000013500601453P000000000000000000000000090205021527012015  0000000013500601453P240215000000040010023701604  000000000018100000000000000000000000000000000000000000000000000000000000000000000000000000000000000000000000000000000                          0000000000                                                                  000094
102169496160001430000009003250122685113500601454              0000000013500601454800000000000000000000000009020502154127 E 57400000000135006014548230215000000002290023704426  000000000018100000000000000000000000000000000000000000000000000000000000000000000000000000000000000000000000000000000                          0000000000                                                                  000095
102169496160001430000009003250122685113500601465              0000000013500601465300000000000000000000000009020502154078 E 56600000000135006014653230215000000004960023701604  000000000018100000000000000000000000000000000000000000000000000000000000000000000000000000000000000000000000000000000                          0000000000                                                                  000096
102169496160001430000009003250122685113500601466              0000000013500601466100000000000000000000000009020502154077 E 56500000000135006014661200215000000002550023701604  000000000018100000000000000000000000000000000000000000000000000000000000000000000000000000000000000000000000000000000                          0000000000                                                                  000097
102169496160001430000009003250122685113500601467              0000000013500601467P00000000000000000000000009020502155665      0000000013500601467P230215000000012100023704426  000000000018100000000000000000000000000000000000000000000000000000000000000000000000000000000000000000000000000000000                          0000000000                                                                  000098
102169496160001430000009003250122685113500601470              0000000013500601470P00000000000000000000000009020502155747      0000000013500601470P150315000000038600023704426  000000000018100000000000000000000000000000000000000000000000000000000000000000000000000000000000000000000000000000000                          0000000000                                                                  000099
102169496160001430000009003250122685113500601490              0000000013500601490400000000000000000000000009020502155763      00000000135006014904140215000000067500023704274  000000000018100000000000000000000000000000000000000000000000000000000000000000000000000000000000000000000000000000000                          0000000000                                                                  000100
102169496160001430000009003250122685113500601524              0000000013500601524200000000000000000000000009020502155788      00000000135006015242030315000000009660023704274  000000000018100000000000000000000000000000000000000000000000000000000000000000000000000000000000000000000000000000000                          0000000000                                                                  000101
102169496160001430000009003250122685113500601525              0000000013500601525000000000000000000000000009020502154172 E 57900000000135006015250030315000000005750023704426  000000000018100000000000000000000000000000000000000000000000000000000000000000000000000000000000000000000000000000000                          0000000000                                                                  000102
102169496160001430000009003250122685113500601526              0000000013500601526900000000000000000000000009020502154172 E 57900000000135006015269180315000000005750023704426  000000000018100000000000000000000000000000000000000000000000000000000000000000000000000000000000000000000000000000000                          0000000000                                                                  000103
102169496160001430000009003250122685113500601527              0000000013500601527700000000000000000000000009020502154173, 579400000000135006015277030315000000006280023704426  000000000018100000000000000000000000000000000000000000000000000000000000000000000000000000000000000000000000000000000                          0000000000                                                                  000104
102169496160001430000009003250122685113500601528              0000000013500601528500000000000000000000000009020502155792/01   00000000135006015285040315000000007650023704426  000000000018100000000000000000000000000000000000000000000000000000000000000000000000000000000000000000000000000000000                          0000000000                                                                  000105
102169496160001430000009003250122685113500601529              0000000013500601529300000000000000000000000009020502155792/02   00000000135006015293180315000000007650023704426  000000000018100000000000000000000000000000000000000000000000000000000000000000000000000000000000000000000000000000000                          0000000000                                                                  000106
102169496160001430000009003250122685113500601530              0000000013500601530700000000000000000000000009020502155791/01   00000000135006015307030315000000004975023704426  000000000018100000000000000000000000000000000000000000000000000000000000000000000000000000000000000000000000000000000                          0000000000                                                                  000107
102169496160001430000009003250122685113500601531              0000000013500601531500000000000000000000000009020502155791/02   00000000135006015315310315000000004975023704426  000000000018100000000000000000000000000000000000000000000000000000000000000000000000000000000000000000000000000000000                          0000000000                                                                  000108
102169496160001430000009003250122685113500601532              0000000013500601532300000000000000000000000009020502154170/02   00000000135006015323310315000000004750023704426  000000000018100000000000000000000000000000000000000000000000000000000000000000000000000000000000000000000000000000000                          0000000000                                                                  000109
102169496160001430000009003250122685113500601533              0000000013500601533100000000000000000000000009020502154170/01   00000000135006015331030315000000004750023704426  000000000018100000000000000000000000000000000000000000000000000000000000000000000000000000000000000000000000000000000                          0000000000                                                                  000110
102169496160001430000009003250122685113500601534              0000000013500601534P00000000000000000000000009020502154171      0000000013500601534P030315000000004200023704426  000000000018100000000000000000000000000000000000000000000000000000000000000000000000000000000000000000000000000000000                          0000000000                                                                  000111
102169496160001430000009003250122685113500601535              0000000013500601535800000000000000000000000009020502155790/01   00000000135006015358030315000000005050023704426  000000000018100000000000000000000000000000000000000000000000000000000000000000000000000000000000000000000000000000000                          0000000000                                                                  000112
102169496160001430000009003250122685113500601536              0000000013500601536600000000000000000000000009020502155790/02   00000000135006015366310315000000005050023704426  000000000018100000000000000000000000000000000000000000000000000000000000000000000000000000000000000000000000000000000                          0000000000                                                                  000113
102169496160001430000009003250122685113500601537              0000000013500601537400000000000000000000000009020502155839 E 58400000000135006015374200415000000005090023704426  000000000018100000000000000000000000000000000000000000000000000000000000000000000000000000000000000000000000000000000                          0000000000                                                                  000114
102169496160001430000009003250122685113500601538              0000000013500601538200000000000000000000000009020502155839 E 58400000000135006015382090215000000005090023704426  000000000018100000000000000000000000000000000000000000000000000000000000000000000000000000000000000000000000000000000                          0000000000                                                                  000115
102169496160001430000009003250122685113500601539              0000000013500601539000000000000000000000000009020502155839 E 58400000000135006015390010315000000005090023704426  000000000018100000000000000000000000000000000000000000000000000000000000000000000000000000000000000000000000000000000                          0000000000                                                                  000116
102169496160001430000009003250122685113500601540              0000000013500601540400000000000000000000000009020502155839 E 58400000000135006015404160315000000005090023704426  000000000018100000000000000000000000000000000000000000000000000000000000000000000000000000000000000000000000000000000                          0000000000                                                                  000117
102169496160001430000009003250122685113500601541              0000000013500601541200000000000000000000000009020502155839 E 58400000000135006015412310315000000005090023704426  000000000018100000000000000000000000000000000000000000000000000000000000000000000000000000000000000000000000000000000                          0000000000                                                                  000118
102169496160001430000009003250122685113500601542              0000000013500601542000000000000000000000000009020502154221      00000000135006015420040315000000006000023704426  000000000018100000000000000000000000000000000000000000000000000000000000000000000000000000000000000000000000000000000                          0000000000                                                                  000119
1021694961600014300000090032501226851922757180001093392       000000001343510376860000000000000000000000000906050215359449990300000000134351037686050215000000007703310400913  000000000000000000000000000000000000000000000000000000000000000000000000000000000000007703300000000000000000000000000   060215             00000000000000                                                                  000120
102169496160001430000009003250122685113500601319              0000000013500601319300000000000000000000000009060502154021 E 55800000000135006013193160215000000009420023706393  000000000000000000000000000000000000000000000000000000000000000000000000000000000000009420000000000000000000000000000   060215             00000000000000                                                                  000121
1021694961600014300000090032501226851033671010010843262       0000000013432803615P0000000000000000000000000910050215211102    0000000013432803615P210115000000019240023700000  000000000000000000000000000000000000000000000000000000000000000000000000000000000000000000000000000000000000000000000                          1400000000                                                                  000122
1021694961600014300000090032501226851005517450001493281       0000000013432803634600000000000000000000000009100502154655A4657 00000000134328036346181214000000003390023700000  000000000000000000000000000000000000000000000000000000000000000000000000000000000000000000000000000000000000000000000                          1400000000                                                                  000123
1021694961600014300000090032501226851193448680001373317       0000000013433103692600000000000000000000000009100502154761      00000000134331036926261214000000008400023700000  000000000000000000000000000000000000000000000000000000000000000000000000000000000000000000000000000000000000000000000                          1400000000                                                                  000124
102169496160001430000009003250122685113500601045              0000000013500601045300000000000000000000000009100502153902 E 53900000000135006010453030215000000005910023700000  000000000000000000000000000000000000000000000000000000000000000000000000000000000000000000000000000000000000000000000                          0000000000                                                                  000125
1021694961600014300000090032501226851                         000000001350060106660000000000000000000000000917050215          00000000135006010666000000000000008900023702373  000000000000000000000000000000000000000000000000000000000000000000000000000000000000008900000000000000000000000000000   060215                 0000000000                                                                  000126
1021694961600014300000090032501226851                         000000001350060106740000000000000000000000000917050215          00000000135006010674000000000000027600023702374  000000000000000000000000000000000000000000000000000000000000000000000000000000000000027600000000000000000000000000000   060215                 0000000000                                                                  000127
1021694961600014300000090032501226851                         000000001350060106820000000000000000000000000917050215          00000000135006010682000000000000004900004100207  000000000000000000000000000000000000000000000000000000000000000000000000000000000000004900000000000000000000000000000   060215                 0000000000                                                                  000128
1021694961600014300000090032501226851                         000000001350060107040000000000000000000000000917050215          00000000135006010704000000000000009200003304849  000000000000000000000000000000000000000000000000000000000000000000000000000000000000009200000000000000000000000000000   060215                 0000000000                                                                  000129
1021694961600014300000090032501226851                         000000001350060108360000000000000000000000000917050215          00000000135006010836000000000000005100023702374  000000000000000000000000000000000000000000000000000000000000000000000000000000000000005100000000000000000000000000000   060215                 0000000000                                                                  000130
1021694961600014300000090032501226851                         000000001350060108440000000000000000000000000917050215          00000000135006010844000000000000019550003301037  000000000000000000000000000000000000000000000000000000000000000000000000000000000000019550000000000000000000000000000   060215                 0000000000                                                                  000131
1021694961600014300000090032501226851033671010010843262       0000000013432803615P0000000000000000000000000928050215211102    0000000013432803615P210115000000019240023700000  000000000000000000000066150000000000000000000000000000000000000000000000000000000000000000000000000000000000000000000                          0800000000                                                                  000132
1021694961600014300000090032501226851005517450001493281       0000000013432803634600000000000000000000000009280502154655A4657 00000000134328036346181214000000003390023700000  000000000000000000000049570000000000000000000000000000000000000000000000000000000000000000000000000000000000000000000                          0800000000                                                                  000133
1021694961600014300000090032501226851193448680001373317       0000000013433103692600000000000000000000000009280502154761      00000000134331036926261214000000008400023700000  000000000000000000000049570000000000000000000000000000000000000000000000000000000000000000000000000000000000000000000                          0800000000                                                                  000134
102169496160001430000009003250122685113500601064              0000000013500601064P00000000000000000000000009320502153889      0000000013500601064P060215000000001700023700000  000000000000000000000000000000000000000000000000000000000000000000000000000000000000000000000000000000000000000000000                          6000000000                                                                  000135
102169496160001430000009003250122685113500601076              0000000013500601076300000000000000000000000009320502155444      00000000135006010763060215000000000900023700000  000000000000000000000000000000000000000000000000000000000000000000000000000000000000000000000000000000000000000000000                          6000000000                                                                  000136
9201237          000001410000001201672100000497          00118000009416340000000171233000020000001712330000400000036940000000000000000000000000000000000000000000000000000000000000000000000                                                                                                                                                                              00000000000000000000000         000137
