01REMESSA01COBRANCA       3142870000002120    TRIDIUM AUTOMACAO LTDA ME     104C ECON FEDERAL 251114                                                                                                                                                                                                                                                                                                 00012000001
102151241970001483142870000002120  00206                      00000000000   TRIDIUM AUTOMACAO             1101ORC000006/25121400000000021671040000001N251114010000000000000040000000000000000000000000000000000000000000000202828193000107ENGETANK INDUSTRIA MECANICA EIRELI      ROD DO CONTORNO NORTE, 179              ROCA GRANDE 83402335COLOMBO        PR0000000000000000ENGETANK INDUSTRIA MEC00051000002
102151241970001483142870000002120  00207                      00000000000   TRIDIUM AUTOMACAO             1101ORC000006/24011500000000021671040000001N251114010000000000000040000000000000000000000000000000000000000000000202828193000107ENGETANK INDUSTRIA MECANICA EIRELI      ROD DO CONTORNO NORTE, 179              ROCA GRANDE 83402335COLOMBO        PR0000000000000000ENGETANK INDUSTRIA MEC00051000003
102151241970001483142870000002120  00208                      00000000000   TRIDIUM AUTOMACAO             1101ORC000006/23021500000000021661040000001N251114010000000000000040000000000000000000000000000000000000000000000202828193000107ENGETANK INDUSTRIA MECANICA EIRELI      ROD DO CONTORNO NORTE, 179              ROCA GRANDE 83402335COLOMBO        PR0000000000000000ENGETANK INDUSTRIA MEC00051000004
102151241970001483142870000002120  00209                      00000000000   TRIDIUM AUTOMACAO             1101ORC000007/25121400000000108331040000001N251114010000000000000180000000000000000000000000000000000000000000000288165931000190TERMOPROL ZANOTTI DO BRASIL LTDA        R DA VARZEA, 542                        JARDIM SAO P91040600PORTO ALEGRE   RS0000000000000002TERMOPROL ZANOTTI DO B00051000005
102151241970001483142870000002120  00210                      00000000000   TRIDIUM AUTOMACAO             1101ORC000007/24011500000000108331040000001N251114010000000000000180000000000000000000000000000000000000000000000288165931000190TERMOPROL ZANOTTI DO BRASIL LTDA        R DA VARZEA, 542                        JARDIM SAO P91040600PORTO ALEGRE   RS0000000000000002TERMOPROL ZANOTTI DO B00051000006
102151241970001483142870000002120  00211                      00000000000   TRIDIUM AUTOMACAO             1101ORC000007/23021500000000108341040000001N251114010000000000000180000000000000000000000000000000000000000000000288165931000190TERMOPROL ZANOTTI DO BRASIL LTDA        R DA VARZEA, 542                        JARDIM SAO P91040600PORTO ALEGRE   RS0000000000000002TERMOPROL ZANOTTI DO B00051000007
9                                                                                                                                                                                                                                                                                                                                                                                                         000008
