10400000         2091541240001040000000000000000000001377332871200000000K C PROCESSAMENTO DE DADOS LTDC ECON FEDERAL                          22303201502104900048604000000                    RETORNO-PRODUCAO                  000            
10400011T0100030 20091541240001040000000000000000000001377332871200000000K C PROCESSAMENTO DE DADOS LTD                                                                                00000486230320150000000000                          00   
1040001300001T 060000003287120000000   240000000006153279100000000000000008032015000000000012900000034510000000000000000          090000000000000000                                                  000000000000109020101                     
1040001300002U 06000000000000195000000000000000000000000000000000000000000000000000000013095000000000013095000000000000000000000000000000230320152403201500002403201500000000000000000000000000000000000000000000000000000000000000000000       
1040001300003T 060000003287120000000   240000000007207160100000000000000010032015000000000022000000004780000000000000000          090000000000000000                                                  000000000000109020101                     
1040001300004U 06000000000000286000000000000000000000000000000000000000000000000000000022286000000000022286000000000000000000000000000000230320152403201500002403201500000000000000000000000000000000000000000000000000000000000000000000       
10400015         00000600000000000000000000000000000000000000000000000000000000000000000000000000000000000000000000                                                                                                                             
10499999         000001000008                                                                                                                                                                                                                   
