02RETORNO01COBRANCA       3142870000002120    MARCELO MORIN NAIMAIER AUTOMAC104C ECON FEDERAL 240315                                                                                                                                                                                                                                                                                                 00323000001
102151241970001483142870000002120    273                      31583453341      000                        1121240315NFE000204/                    240315000000060164210439179010000000000000639100000000              0000000000000000000000000000000000000000000000601642000000000000000000000000001240315                         0000000000000000000000000                                             000002
9201104                                                                                                                                                                                                                                                                                                                                                                                                   000003
