02RETORNO01COBRANCA       3142870000002120    MARCELO MORIN NAIMAIER AUTOMAC104C ECON FEDERAL 250315                                                                                                                                                                                                                                                                                                 00324000001
102151241970001483142870000002120    276                      31583453376      000                        1121250315NFE000207/                    250315000000017269923703256010000000000000663101000000              0000000000000000000000000000000000000000000000172699000000000000000000000000001260315                         0000000000000000000000000                                             000002
9201104                                                                                                                                                                                                                                                                                                                                                                                                   000003

