01REMESSA01REMES REJEITADA3142870000002120    TRIDIUM AUTOMACAO LTDA ME     104C ECON FEDERAL 270315REMESSA REJEITADA - 27/03/15 AS 14.21.39 . ERRO(S) ENCONTRADO(S) : REG.TIPO 1 - COD.DE ERRO POSICOES 34/35 E 75/76.                                                                                                                                                                              00042000001
1021512419700014831428700000021201700278                      00000000000   TRIDIUM AUTOMACAO             1102NFE000208/31031500000000448911040000001N030315010000000000000750000000000000000000000000000000000000000000000287175824000180CMV - CONSTRUCOES MECANICAS LTDA.       AV DAS INDUSTRIAS, 940                  DISTRITO IND94930230CACHOEIRINHA   RS0000000000000009CMV - CONSTRUCOES MECA00051000002
1021512419700014831428700000021201700279                      00000000000   TRIDIUM AUTOMACAO             1102NFE000209/31031500000002503981040000001N030315010000000000004170000000000000000000000000000000000000000000000287175824000180CMV - CONSTRUCOES MECANICAS LTDA.       AV DAS INDUSTRIAS, 940                  DISTRITO IND94930230CACHOEIRINHA   RS0000000000000050CMV - CONSTRUCOES MECA00051000003
9                                                                                                                                                                                                                                                                                                                                                                                                         999999
