01REMESSA                 0416070035008       DISTRIBUIDORA DE ALIMENTOS BIL041BANRISUL       090415                                                                                                                                                                                                                                                                                                      000001
1                0416070035008       45371                    0004537122                                   101PED021255/2704150000000005688041     08N060415090000000000000170000000000000000000000000000000000000000000000205656507000111ALAN JONAS RABELLO                      RUA SETE SETEMBRO 321                          0000093800000SAPIRANGA      RS0000 000000000000003                       000002
1                0416070035008       45495                    0004549597                                   101PED10192652204150000000021301041     08N080415090000000000000640000000000000000000000000000000000000000000000207329710000109ALCIR J F ZANATTA                       RUA RAPOSO TAVARES 448                         0000093800000SAPIRANGA      RS0000 000000000000003                       000003
1                0416070035008       45447                    0004544706                                   101PED021275/2804150000000039016041     08N070415090000000000001170000000000000000000000000000000000000000000000205656507000111ALAN JONAS RABELLO                      RUA SETE SETEMBRO 321                          0000093800000SAPIRANGA      RS0000 000000000000003                       000004
1                0416070035008       45440                    0004544056                                   101PED36726532104150000000019491041     08N070415090000000000000580000000000000000000000000000000000000000000000210708612000197ALEXSANDRO GOMES DE OLIVEIRA - ME       RUA VARZEA / GOMES 523                         0000093880000ARARICA        RS0000 000000000000003                       000005
1                0416070035008       45430                    0004543068                                   101PED78826521204150000000021144041     08N070415090000000000000630000000000000000000000000000000000000000000000100022340483972ABEL DOS SANTOS // MINIMERCADO E BA     RUA GERMANO LEUCK 390                          0000093600000ESTANCIA VELHA RS0000 000000000000003                       000006
1                0416070035008       45479                    0004547934                                   101PED37526532204150000000031308041     08N080415090000000000000940000000000000000000000000000000000000000000000210206535000177ANGELA MARISA FLESCH                    RS 020 KM 4 155                                0000095600000TAQUARA        RS0000 000000000000003                       000007
1                0416070035008       45506                    0004550633                                   101PED37526530605150000000025904041     08N080415090000000000000780000000000000000000000000000000000000000000000288625686000823ASSOCIACAO EDUCADORA SAO CARLOS         RUA EMILIO L ESTEVES 1042                      0000095600000TAQUARA        RS0000 000000000000003                       000008
1                0416070035008       45454                    0004545478                                   101PED10222652204150000000013283041     08N080415090000000000000400000000000000000000000000000000000000000000000100042223563015ANTONIO FERREIRA CRUZ BAUENDAHL         SERTAO CAPIVARA 3051                           0000093940000LINDOLFO COLLORRS0000 000000000000003                       000009
1                0416070035008       45434                    0004543483                                   101PED10222652104150000000021390041     08N070415090000000000000640000000000000000000000000000000000000000000000290010851000108ANIVO HANSEN                            RUA 25 DE JULHO 759                            0000093995000SANTA MARIA DO RS0000 000000000000003                       000010
1                0416070035008       45432                    0004543238                                   101PED10222652104150000000009867041     08N070415090000000000000300000000000000000000000000000000000000000000000218036260000182ALESON SCHUH                            RUA BENO CLOSS 2550                            0000093995000SANTA MARIA DO RS0000 000000000000003                       000011
1                0416070035008       45452                    0004545206                                   101PED10212652204150000000019257041     08N080415090000000000000580000000000000000000000000000000000000000000000211267262000133BUFFET MAIS SABOR LTDA                  AV PRESIDENTE VARGAS 45                        0000093600000ESTANCIA VELHA RS0000 000000000000003                       000012
1                0416070035008       45374                    0004537467                                   101PED37526522004150000000016463041     08N060415090000000000000490000000000000000000000000000000000000000000000207764075000198BAR BRASIL SCHUNKE LTDA                 AV SAO MIGUEL 555 SL 01                        0000093950000DOIS IRMAOS    RS0000 000000000000003                       000013
1                0416070035008       45380                    0004538048                                   101PED37526521404150000000046411041     08N070415090000000000001390000000000000000000000000000000000000000000000214429624000133CENTER GRILL REST PIZZA LTDA  CENTR     AVENIDA SAO MIGUEL 555                         0000093950000DOIS IRMAOS    RS0000 000000000000003                       000014
1                0416070035008       45498                    0004549848                                   101PED10212651404150000000008307041     08N080415090000000000000250000000000000000000000000000000000000000000000209092237000114COMERCIAL DE ALIMENTOS MENEGOTTO        RUA SILVEIRA MARTINS 717                       0000093510310NOVO HAMBURGO  RS0000 000000000000003                       000015
1                0416070035008       45424                    0004542495                                   101PED10222651004150000000009685041     08N070415090000000000000290000000000000000000000000000000000000000000000100000423282093CRISTIANE VALLADARES                    RUA GOETZ 950                                  0000093900000IVOTI          RS0000 000000000000003                       000016
1                0416070035008       45393                    0004539362                                   101PED37526522104150000000026222041     08N070415090000000000000790000000000000000000000000000000000000000000000208508777000173CLETO COM CARNES ALIMENTOS LTDA         RUA CORONEL GAELZER NETTO 200                  0000093900000IVOTI          RS0000 000000000000003                       000017
1                0416070035008       45462                    0004546296                                   101PED36726532104150000000027570041     08N080415090000000000000830000000000000000000000000000000000000000000000217801107000131COMERCIO DE ALIMENTOS PJ LTDA // BO     RUA ARAPONGAS 76                               0000093880000NOVA HARTZ     RS0000 000000000000003                       000018
1                0416070035008       45445                    0004544544                                   101PED78826532104150000000019405041     08N070415090000000000000580000000000000000000000000000000000000000000000213677640000182CASA DE CARNES PARANA LTDA              RUA JOAO ALOYSIO ALGAYER 3780                  0000093490000NOVO HAMBURGO  RS0000 000000000000003                       000019
1                0416070035008       45490                    0004549007                                   101PED10192652204150000000090677041     08N080415090000000000002720000000000000000000000000000000000000000000000217485219000120CRISTIANO KIPPER ME                     RUA SINIMBU 219                                0000093800000SAPIRANGA      RS0000 000000000000003                       000020
1                0416070035008       45457                    0004545796                                   101PED78826532204150000000033075041     08N080415090000000000000990000000000000000000000000000000000000000000000210510594000134DEISE L DA ROCHA MENDES MINIMERCADO     RUA ALBANO GUILHERME KONRATH 400               0000093490000NOVO HAMBURGO  RS0000 000000000000003                       000021
1                0416070035008       45455                    0004545532                                   101PED34426532204150000000027513041     08N080415090000000000000830000000000000000000000000000000000000000000000207838088000164DANIEL GUTERRES DE ARRUDA               RUA SAO MARCOS 126                             0000093700000CAMPO BOM      RS0000 000000000000003                       000022
1                0416070035008       45512                    0004551214                                   101PED10192652204150000000018219041     08N080415090000000000000550000000000000000000000000000000000000000000000204120993000196ELOI MARTIN GRADE                       RUA ELIS REGINA 251                            0000093800000SAPIRANGA      RS0000 000000000000003                       000023
1                0416070035008       45488                    0004548841                                   101PED78826532804150000000011158041     08N080415090000000000000330000000000000000000000000000000000000000000000292602630000154ERVEDIA BLUME                           RUA PEDRO ALVARES CABRAL 793                   0000093890000NOVA HARTZ     RS0000 000000000000003                       000024
1                0416070035008       45476                    0004547691                                   101PED021293/1504150000000024652041     08N080415090000000000000740000000000000000000000000000000000000000000000100066549760020ELOIDES DA SILVA LOCADIO                RUA RUBENS REINALDO KLEIN 51                   0000093800000SAPIRANGA      RS0000 000000000000003                       000025
1                0416070035008       45502                    0004550226                                   101PED36726531504150000000031174041     08N080415090000000000000940000000000000000000000000000000000000000000000216811894000130EMERSON ANTONIO BLOCK                   RUA JOAO MOSMANN 281                           0000093700000PAROBE         RS0000 000000000000003                       000026
1                0416070035008       45501                    0004550145                                   101PED36726532204150000000025224041     08N080415090000000000000760000000000000000000000000000000000000000000000100054457319015EVA NOECI BRAGA DE ABREU                RUA CEL JOAO CORREA 665                        0000095630000PAROBE         RS0000 000000000000003                       000027
1                0416070035008       45471                    0004547101                                   101PED36726532904150000000043848041     08N080415090000000000001320000000000000000000000000000000000000000000000293399541000115EGON OSVALDO STUMM                      RUA APARICIO ANTUNES 201                       0000095630000PAROBE         RS0000 000000000000003                       000028
1                0416070035008       45420                    0004542088                                   101PED34426531704150000000021603041     08N070415090000000000000650000000000000000000000000000000000000000000000203548714000127EDIO EDEMILSON DA SILVA E CIA LTDA      AV JOAO KLAUCK 1590                            0000093950000DOIS IRMAOS    RS0000 000000000000003                       000029
1                0416070035008       45475                    0004547519                                   101PED10192652904150000000018386041     08N080415090000000000000550000000000000000000000000000000000000000000000212383760000104FLOR E TRENTIN LTDA ME                  RUA ELDORADO 03                                0000093800000SAPIRANGA      RS0000 000000000000003                       000030
1                0416070035008       45438                    0004543890                                   101PED10222651404150000000069273041     08N070415090000000000002080000000000000000000000000000000000000000000000100001965864023FRANCIELI BRAZ                          RUA SERTAO CAPIVARA 885                        0000093940000LINDOLFO COLLORRS0000 000000000000003                       000031
1                0416070035008       45474                    0004547446                                   101PED34426531504150000000025373041     08N080415090000000000000760000000000000000000000000000000000000000000000217441840000192FONSECA E KENDZIERSKI LTDA              AV BRASIL 2236                                 0000093700000CAMPO BOM      RS0000 000000000000003                       000032
1                0416070035008       45511                    0004551133                                   101PED34426532904150000000038940041     08N080415090000000000001170000000000000000000000000000000000000000000000214057410000183GOSTO DE FESTA LTDA ME                  RUA VISCONDE DE CAIRU 664                      0000093800000SAPIRANGA      RS0000 000000000000003                       000033
1                0416070035008       45466                    0004546601                                   101PED10212651104150000000025951041     08N080415090000000000000780000000000000000000000000000000000000000000000289978647000104GOSTO E SUMO LANCH LTDA                 RUA BENTO GONCALVES 2460                       0000093510000NOVO HAMBURGO  RS0000 000000000000003                       000034
1                0416070035008       45500                    0004550064                                   101PED36726532204150000000069265041     08N080415090000000000002080000000000000000000000000000000000000000000000205196645000165GALLAS MINIMERCADO LTDA                 RUA TRES COROAS 680                            0000095630000PAROBE         RS0000 000000000000003                       000035
1                0416070035008       45442                    0004544218                                   101PED34426532804150000000022326041     08N070415090000000000000670000000000000000000000000000000000000000000000213411796000117HELION CLAYTON CAMARGO LANCH            RUA VOLUNTARIO DA PATRIA   445 445             0000093700000CAMPO BOM      RS0000 000000000000003                       000036
1                0416070035008       45439                    0004543971                                   101PED40626532104150000000019106041     08N070415090000000000000570000000000000000000000000000000000000000000000203056808000189IVANIR PEDROSO DOS SANTOS               RUA GONZAGUINHA 225                            0000093800000SAPIRANGA      RS0000 000000000000003                       000037
1                0416070035008       45469                    0004546946                                   101PED021262/1404150000000040504041     08N080415090000000000001220000000000000000000000000000000000000000000000100089272722004IRACEMA STUM CAPONI                     RUA SAO LUIS 948                               0000093700000CAMPO BOM      RS0000 000000000000003                       000038
1                0416070035008       45496                    0004549678                                   101PED10212651104150000000032277041     08N080415090000000000000970000000000000000000000000000000000000000000000220779008000105INCAFE COMERCIO DE PRODUTOS NATURAI     JOAQUIM PEDRO SOARES 657                       0000093510320NOVO HAMBURGO  RS0000 000000000000003                       000039
1                0416070035008       45480                    0004548019                                   101PED37526532904150000000022500041     08N080415090000000000000680000000000000000000000000000000000000000000000287115838000290INSTITUICAO ADVENTISTA SUL RIOGRAND     AV SEBASTIAO AMORETTI 2130                     0000095600000TAQUARA        RS0000 000000000000003                       000040
1                0416070035008       45417                    0004541731                                   101PED10222652004150000000015602041     08N070415090000000000000470000000000000000000000000000000000000000000000204274392000138INACIO DEWES                            RUA PARALELA CLOSS 0                           0000093995000SANTA MARIA DO RS0000 000000000000003                       000041
1                0416070035008       45508                    0004550897                                   101PED78826532204150000000036334041     08N080415090000000000001090000000000000000000000000000000000000000000000291924316000125JOSE CARLOS KIRSCH                      RUA ANA NERI 84                                0000093890000NOVA HARTZ     RS0000 000000000000003                       000042
1                0416070035008       45509                    0004550978                                   101PED78826532904150000000036333041     08N080415090000000000001090000000000000000000000000000000000000000000000291924316000125JOSE CARLOS KIRSCH                      RUA ANA NERI 84                                0000093890000NOVA HARTZ     RS0000 000000000000003                       000043
1                0416070035008       45491                    0004549198                                   101PED78826531404150000000036625041     08N080415090000000000001100000000000000000000000000000000000000000000000211110289000118J J HENKEL E CIA LTDA                   RUA HENRIQUE HOFFMANN 1067                     0000093890000NOVA HARTZ     RS0000 000000000000003                       000044
1                0416070035008       45510                    0004551052                                   101PED36726531404150000000098566041     08N080415090000000000002960000000000000000000000000000000000000000000000220937709000125JEISON MICHAEL DA SILVA                 ASSOCIACAO 119                                 0000095630000PAROBE         RS0000 000000000000003                       000045
1                0416070035008       45436                    0004543637                                   101PED10222652104150000000011914041     08N070415090000000000000360000000000000000000000000000000000000000000000212105005000168JR CLOSS COM DE ARTIGOS DE UNIFIRME     RUA 12 DE MAIO 38                              0000093995000SANTA MARIA DO RS0000 000000000000003                       000046
1                0416070035008       45451                    0004545125                                   101PED78826522904150000000023942041     08N080415090000000000000720000000000000000000000000000000000000000000000214896334000108KRAEMER COM DE ALIMENTOS LTDA           RUA JOAO LOURENCO 590                          0000093600000ESTANCIA VELHA RS0000 000000000000003                       000047
1                0416070035008       45465                    0004546520                                   101PED10192651504150000000024689041     08N080415090000000000000740000000000000000000000000000000000000000000000219483458000177LANCHERIA E MERCADO SCHUCH EIRELI M     RUA WALTER BRUNO KLEIN 1250                    0000093800000SAPIRANGA      RS0000 000000000000003                       000048
1                0416070035008       45459                    0004545958                                   101PED36726532204150000000036882041     08N080415090000000000001110000000000000000000000000000000000000000000000289954697000143LOCATELLI BASEGIO  CONTE E SBARDELO     ROD EST RS 239 4523                            0000093800000SAPIRANGA      RS0000 000000000000003                       000049
1                0416070035008       45473                    0004547365                                   101PED34426532904150000000061156041     08N080415090000000000001830000000000000000000000000000000000000000000000212871022000106LANCHES KALUX LTDA                      RUA ICARO 808                                  0000093544020NOVO HAMBURGO  RS0000 000000000000003                       000050
1                0416070035008       45427                    0004542738                                   101PED10222651004150000000012684041     08N070415090000000000000380000000000000000000000000000000000000000000000200788986000106LEOMAR IGNACIO PIES                     RUA ARTHUR AUGUSTO GERNHARDT 520               0000093900000IVOTI          RS0000 000000000000003                       000051
1                0416070035008       45456                    0004545613                                   101PED78826532904150000000023371041     08N080415090000000000000700000000000000000000000000000000000000000000000287344479000161LEIO U MOEHLECKE E CIA LTDA             RUA JOAO ALOYSIO ALGAYER 1185                  0000093490000NOVO HAMBURGO  RS0000 000000000000003                       000052
1                0416070035008       45415                    0004541588                                   101PED40626521304150000000050829041     08N070415090000000000001520000000000000000000000000000000000000000000000221357698000177L M MORAIS EMPREENDIMENTOS              RUA PAVOES 309                                 0000093800000SAPIRANGA      RS0000 000000000000003                       000053
1                0416070035008       45484                    0004548434                                   101PED36726542904150000000029659041     08N080415090000000000000890000000000000000000000000000000000000000000000100001702737098LUIS ANTONIO BERNARDI SHENKEL           RUA JOSE FERREIRA DE MATOS 201                 0000094000000PAROBE         RS0000 000000000000003                       000054
1                0416070035008       45481                    0004548191                                   101PED37526532104150000000013850041     08N080415090000000000000420000000000000000000000000000000000000000000000211433966000139L D N RESTAURANTE LTDA                  AV SEBASTIAO AMORETTI 3535                     0000095600000TAQUARA        RS0000 000000000000003                       000055
1                0416070035008       45494                    0004549422                                   101PED10192652204150000000010240041     08N080415090000000000000310000000000000000000000000000000000000000000000212202841000160MERCADO ACOUGUE CAPELETTI LTDA          RUA PRESIDENTE JUSCELINO 421                   0000093800000SAPIRANGA      RS0000 000000000000003                       000056
1                0416070035008       45463                    0004546377                                   101PED10192651504150000000011819041     08N080415090000000000000350000000000000000000000000000000000000000000000207901152000104MARIA DE FATIMA GOMES DE OLIVEIRA       RUA KRAEMER ECK 1470                           0000093800000SAPIRANGA      RS0000 000000000000003                       000057
1                0416070035008       45513                    0004551397                                   101PED34426531504150000000050980041     08N080415090000000000001530000000000000000000000000000000000000000000000218396965000100MAURELIO DOS SANTOS  ME                 RUA PRESIDENTE KENNEDY 952                     0000093800000SAPIRANGA      RS0000 000000000000003                       000058
1                0416070035008       45499                    0004549910                                   101PED10212651104150000000011240041     08N080415090000000000000340000000000000000000000000000000000000000000000215560401000173MORAIS E XAVIER LTDA                    RUA DAVID CANABARRO 17                         0000093320070NOVO HAMBURGO  RS0000 000000000000003                       000059
1                0416070035008       45453                    0004545389                                   101PED10222651504150000000025097041     08N080415090000000000000750000000000000000000000000000000000000000000000221418169000136MERCADO E ACOUGUE FERMINO LTDA ME       RUA CAXIAS DO SUL 100                          0000093900000IVOTI          RS0000 000000000000003                       000060
1                0416070035008       45446                    0004544625                                   101PED78826531404150000000012432041     08N070415090000000000000370000000000000000000000000000000000000000000000208486606000190MINIMERCADO E LANCHERIA SANTA MARIA     RUA PIO XII 6550                               0000093700000CAMPO BOM      RS0000 000000000000003                       000061
1                0416070035008       45461                    0004546113                                   101PED40626540605150000000037290041     08N080415090000000000001120000000000000000000000000000000000000000000000209635042000173MERCADO D BOFF LTDA                     RUA DOM PEDRO I 35                             0000093800000SAPIRANGA      RS0000 000000000000003                       000062
1                0416070035008       45507                    0004550714                                   101PED10192651804150000000014178041     08N080415090000000000000430000000000000000000000000000000000000000000000217686538000102MINIMERCADO E ACOUGUE MINOSSO LTDA      RUA EDWIN KUWER 732                            0000093800000SAPIRANGA      RS0000 000000000000003                       000063
1                0416070035008       45504                    0004550498                                   101PED36726532904150000000038533041     08N080415090000000000001160000000000000000000000000000000000000000000000210550840000181MARISETE VERONESE SBARDELOTTO           RUA DA ESCOLA 125                              0000093890000NOVA HARTZ     RS0000 000000000000003                       000064
1                0416070035008       45503                    0004550307                                   101PED36726532204150000000038533041     08N080415090000000000001160000000000000000000000000000000000000000000000210550840000181MARISETE VERONESE SBARDELOTTO           RUA DA ESCOLA 125                              0000093890000NOVA HARTZ     RS0000 000000000000003                       000065
1                0416070035008       45487                    0004548760                                   101PED78826530605150000000011726041     08N080415090000000000000350000000000000000000000000000000000000000000000209451661000299MARCOS EUGENIO GREVER - EPP             R OSVALDO ARANHA 304                           0000093890000NOVA HARTZ     RS0000 000000000000003                       000066
1                0416070035008       45478                    0004547853                                   101PED37526532904150000000119618041     08N080415090000000000003590000000000000000000000000000000000000000000000210193153000156MARTINS FILERENO LANCHES LTDA           RUA PINHEIRO MACHADO 1453                      0000095600000TAQUARA        RS0000 000000000000003                       000067
1                0416070035008       45419                    0004541995                                   101PED10222652104150000000017562041     08N070415090000000000000530000000000000000000000000000000000000000000000206166886000124MINIMERCADO HAUBERT LTDA - ME           RUA 25 DE JULHO 485                            0000093995000SANTA MARIA DO RS0000 000000000000003                       000068
1                0416070035008       45418                    0004541812                                   101PED10222652104150000000031109041     08N070415090000000000000930000000000000000000000000000000000000000000000205443657000147MINI MERCADO E LANCHERIA ARNHOLD LT     RUA 25 DE JULHO 12951                          0000093995000SANTA MARIA DO RS0000 000000000000003                       000069
1                0416070035008       45433                    0004543300                                   101PED10222652104150000000034347041     08N070415090000000000001030000000000000000000000000000000000000000000000206021493000122NILMAR RANGEL DOS SANTOS                RUA 25 DE JULHO S/N                            0000093995000SANTA MARIA DO RS0000 000000000000003                       000070
1                0416070035008       45514                    0004551478                                   101PED40626532904150000000011181041     08N080415090000000000000340000000000000000000000000000000000000000000000213149887000126PEDRO PAULO ALVES BURGDURFF             AV 20 SETEMBRO 2348                            0000093800000SAPIRANGA      RS0000 000000000000003                       000071
1                0416070035008       45464                    0004546458                                   101PED37526532104150000000038420041     08N080415090000000000001150000000000000000000000000000000000000000000000211057158000114PIZZARIA EVANIO ERICA LTDA              RUA QUINTINO BOCAIUVA 182                      0000093800000SAPIRANGA      RS0000 000000000000003                       000072
1                0416070035008       45497                    0004549759                                   101PED10212651504150000000038343041     08N080415090000000000001150000000000000000000000000000000000000000000000289741177000152PARAISO MERCEARIA LTDA                  RUA BENTO GONCALVES 2546                       0000093510001NOVO HAMBURGO  RS0000 000000000000003                       000073
1                0416070035008       45428                    0004542800                                   101PED78826522104150000000011249041     08N070415090000000000000340000000000000000000000000000000000000000000000210559891000174PADARIA ACOUGUE MERC CHARDON LTDA       RUA BENJAMIN ALTMAYER 369                      0000093351100NOVO HAMBURGO  RS0000 000000000000003                       000074
1                0416070035008       45460                    0004546032                                   101PED37526521504150000000034466041     08N080415090000000000001030000000000000000000000000000000000000000000000210476128000180R E M LANCHES LTDA                      RUA JOAO MOSMANN 383                           0000095630000PAROBE         RS0000 000000000000003                       000075
1                0416070035008       45421                    0004542150                                   101PED34426531204150000000010560041     08N070415090000000000000320000000000000000000000000000000000000000000000218737552000142RODRIGO GIELOW                          AVENIDA DO PARQUE 1381                         0000093950000DOIS IRMAOS    RS0000 000000000000003                       000076
1                0416070035008       45416                    0004541650                                   101PED10222652104150000000021210041     08N070415090000000000000640000000000000000000000000000000000000000000000204382148000199RESTAURANTE MALLMANN LTDA               12 DE MAIO 339                                 0000093995000SANTA MARIA DO RS0000 000000000000003                       000077
1                0416070035008       45477                    0004547772                                   101PED37526532104150000000010135041     08N080415090000000000000300000000000000000000000000000000000000000000000210707786000135RESTAURANTE REOLON LTDA                 RUA DR LEGENDRE 342                            0000095630000PAROBE         RS0000 000000000000003                       000078
1                0416070035008       45472                    0004547284                                   101PED10212652204150000000048739041     08N080415090000000000001460000000000000000000000000000000000000000000000211892743000130SANDRA BEATRIZ DE GODOY                 RUA CEU AZUL 955                               0000093145413SAO LEOPOLDO   RS0000 000000000000003                       000079
1                0416070035008       45431                    0004543149                                   101PED78826532104150000000037106041     08N070415090000000000001110000000000000000000000000000000000000000000000218313024000166SANDRA F.TORMES DOS SANTOS              RUA PITANGA 03                                 0000093600000ESTANCIA VELHA RS0000 000000000000003                       000080
1                0416070035008       45448                    0004544889                                   101PED10222651004150000000023184041     08N070415090000000000000700000000000000000000000000000000000000000000000214733085000121SCHOSSLER E SCHOSSLER PADARIA E CON     AV CAPIVARA 1301                               0000093900000IVOTI          RS0000 000000000000003                       000081
1                0416070035008       45441                    0004544137                                   101PED78826530505150000000096596041     08N070415090000000000002900000000000000000000000000000000000000000000000205753092000102SUPERMERCADO INDEPENDENCIA LTDA         RUA INDEPENDENCIA 1151                         0000093700000CAMPO BOM      RS0000 000000000000003                       000082
1                0416070035008       45379                    0004537955                                   101PED37526522104150000000027791041     08N070415090000000000000830000000000000000000000000000000000000000000000297279350000170SOCIEDADE BENEFICIENTE SAPIRANGUENS     RUA GETULIO VARGAS 597                         0000093800000SAPIRANGA      RS0000 000000000000003                       000083
1                0416070035008       45386                    0004538609                                   101PED34426530505150000000050944041     08N070415090000000000001530000000000000000000000000000000000000000000000220736019000108SUPERMERCADO OESTE LTDA                 RUA 24 DE NOVEMBRO 915                         0000093800000SAPIRANGA      RS0000 000000000000003                       000084
1                0416070035008       45489                    0004548922                                   101PED40626542204150000000017946041     08N080415090000000000000540000000000000000000000000000000000000000000000210871678000101SUPERMERCADO FREITAS LTDA               RUA DR DECIO G.PEREIRA 45                      0000093800000SAPIRANGA      RS0000 000000000000003                       000085
1                0416070035008       45485                    0004548507                                   101PED36726532904150000000043773041     08N080415090000000000001310000000000000000000000000000000000000000000000201240600000190SUPERMERCADO GUARANI LTDA               RUA SANTA CRISTINA 302                         0000095630000PAROBE         RS0000 000000000000003                       000086
1                0416070035008       45435                    0004543556                                   101PED10222652104150000000059124041     08N070415090000000000001770000000000000000000000000000000000000000000000203647571000100SUPERMERCADO KUNST LTDA                 RUA 12 DE MAIO 293                             0000093915000SANTA MARIA DO RS0000 000000000000003                       000087
1                0416070035008       45423                    0004542312                                   101PED40626532804150000000116869041     08N070415090000000000003510000000000000000000000000000000000000000000000209005045000123VALQUIRIA F SABADINI EIRELI             RUA PRESIDENTE KENNEDY 1691                    0000093800000SAPIRANGA      RS0000 000000000000003                       000088
1                0416070035008       45493                    0004549341                                   101PED10192652104150000000046498041     08N080415090000000000001390000000000000000000000000000000000000000000000202357083000104VALDECI SANTOS DA CONCEICAO             RUA PRESIDENTE KENNEDY 2022                    0000093800000SAPIRANGA      RS0000 000000000000003                       000089
1                0416070035008       45458                    0004545877                                   101PED40626532204150000000018587041     08N080415090000000000000560000000000000000000000000000000000000000000000218812715000104VIER REFEICOES COLETIVAS LTDA ME        RUA MARTIN BERG 808                            0000093800000SAPIRANGA      RS0000 000000000000003                       000090
9                          0000002832617                                                                                                                                                                                                                                                                                                                                                                  000091
