01REMESSA                 0416070035008       DISTRIBUIDORA DE ALIMENTOS BIL041BANRISUL       100415                                                                                                                                                                                                                                                                                                      000001
1                0416070035008       45572                    0004557255                                   101PED36726542204150000000035551041     08N090415090000000000001070000000000000000000000000000000000000000000000219886896000186ANTONIA ROSANA DOS SANTOS SCHUTZE       RUA MARIO MOSMANN 865                          0000095630000PAROBE         RS0000 000000000000003                       000002
1                0416070035008       45553                    0004555368                                   101PED78826550705150000000050540041     08N090415090000000000001520000000000000000000000000000000000000000000000291681361000368ASSOCIACAO CONGRECACAO SANTA CATARI     AV MAURICIO CARDOSO 711                        0000093510250NOVO HAMBURGO  RS0000 000000000000003                       000003
1                0416070035008       45554                    0004555430                                   101PED78826550705150000000042988041     08N090415090000000000001290000000000000000000000000000000000000000000000291681361000368ASSOCIACAO CONGRECACAO SANTA CATARI     AV MAURICIO CARDOSO 711                        0000093510250NOVO HAMBURGO  RS0000 000000000000003                       000004
1                0416070035008       45565                    0004556593                                   101PED10192651604150000000032827041     08N090415090000000000000980000000000000000000000000000000000000000000000218051996000472ABASTECEDORA DE COMBUSTIVEIS UNION      RUA JOSE APOLONIO COSTA 2160                   0000093880000ARARICA        RS0000 000000000000003                       000005
1                0416070035008       45522                    0004552202                                   101PED021307/2904150000000016692041     08N080415090000000000000500000000000000000000000000000000000000000000000205656507000111ALAN JONAS RABELLO                      RUA SETE SETEMBRO 321                          0000093800000SAPIRANGA      RS0000 000000000000003                       000006
1                0416070035008       45567                    0004556755                                   101PED37526541504150000000009375041     08N090415090000000000000280000000000000000000000000000000000000000000000205773993000158BRENO DE VARGAS KAIPER LANCH            RUA BOLIVIA 1594                               0000095600000TAQUARA        RS0000 000000000000003                       000007
1                0416070035008       45516                    0004551621                                   101PED10192652204150000000016823041     08N080415090000000000000500000000000000000000000000000000000000000000000288267521000150BAR ARMAZEM E LANCHERIA NL LTDA         RUA ANCHIETA 181                               0000093800000SAPIRANGA      RS0000 000000000000003                       000008
1                0416070035008       45575                    0004557581                                   101PED36726553004150000000044322041     08N090415090000000000001330000000000000000000000000000000000000000000000294686292000101COM DE ALIMENTOS WERNER LTDA            AV SAO LEOPOLDO 1641                           0000093700000CAMPO BOM      RS0000 000000000000003                       000009
1                0416070035008       45544                    0004554442                                   101PED10192651404150000000021098041     08N090415090000000000000630000000000000000000000000000000000000000000000100053329910020CLAUDETE DA SILVA SOUZA                 RUA BENJAMIN CONSTANT 113                      0000095650000IGREJINHA      RS0000 000000000000003                       000010
1                0416070035008       45552                    0004555279                                   101PED36726541404150000000062921041     08N090415090000000000001890000000000000000000000000000000000000000000000207772038000121CATIANA MARIA PAZ ME                    RUA PADRE REUS 278                             0000093800000SAPIRANGA      RS0000 000000000000003                       000011
1                0416070035008       45545                    0004554515                                   101PED10192653004150000000065359041     08N090415090000000000001960000000000000000000000000000000000000000000000207132264000148COM DE ALIMENTOS VINTE SETEMBRO LTD     AVENIDA 20 SETEMBRO 8021                       0000093800000SAPIRANGA      RS0000 000000000000003                       000012
1                0416070035008       45550                    0004555015                                   101PED10192651604150000000029124041     08N090415090000000000000870000000000000000000000000000000000000000000000100012329568053CARLOS DE SOUZA DA ROSA                 RUA PRESIDENTE KENNEDY 957                     0000093800000SAPIRANGA      RS0000 000000000000003                       000013
1                0416070035008       45595                    0004559568                                   101PED10192651604150000000020364041     08N090415090000000000000610000000000000000000000000000000000000000000000221443335000154DOUGLAS RAFAEL TASCHETTO                RUA CEL  GENUINO SAMPAIO 412                   0000093800000SAPIRANGA      RS0000 000000000000003                       000014
1                0416070035008       45559                    0004555929                                   101PED021331/2304150000000020550041     08N090415090000000000000620000000000000000000000000000000000000000000000100059790237049EDIONE MORAES                           RUA LIBERATO SALZANO VIEIRA DA CUNHA 168       0000093800000SAPIRANGA      RS0000 000000000000003                       000015
1                0416070035008       45524                    0004552466                                   101PED34426542204150000000033586041     08N080415090000000000001010000000000000000000000000000000000000000000000213476943000137ELENICE HAAG DA SILVA                   RUA RAMIRO BARCELOS 275                        0000093800000SAPIRANGA      RS0000 000000000000003                       000016
1                0416070035008       45549                    0004554930                                   101PED34426541904150000000028458041     08N090415090000000000000850000000000000000000000000000000000000000000000221215375000149E S RIEFEL MERCADO ME                   RUA JOSE DE ANCHIETA 170                       0000093700000CAMPO BOM      RS0000 000000000000003                       000017
1                0416070035008       45538                    0004553861                                   101PED78826540605150000000058567041     08N080415090000000000001760000000000000000000000000000000000000000000000287824108000187GLADIS MARIA KAHL FISCHBORN             ESTRADA RS 20   KM 29 15739                    0000095600000TAQUARA        RS0000 000000000000003                       000018
1                0416070035008       45576                    0004557662                                   101PED021326/2304150000000034771041     08N090415090000000000001040000000000000000000000000000000000000000000000210211963000198GALETO FAMIGLIA STAPASOLLA LTDA         RUA BENJAMIN CONSTANT 171                      0000093310110NOVO HAMBURGO  RS0000 000000000000003                       000019
1                0416070035008       45515                    0004551540                                   101PED36726542204150000000113356041     08N080415090000000000003400000000000000000000000000000000000000000000000219078895000105GEOVANA BOSQUETTI LANCHERIA             AV DAS NACOES 1761                             0000095630000PAROBE         RS0000 000000000000003                       000020
1                0416070035008       45543                    0004554361                                   101PED37526541604150000000021165041     08N090415090000000000000640000000000000000000000000000000000000000000000208672976000112GUINITI FABIULA NASCIMENTO              AV JOAO CORREA 232                             0000095660000TRES COROAS    RS0000 000000000000003                       000021
1                0416070035008       45579                    0004557905                                   101PED34426553004150000000068831041     08N090415090000000000002060000000000000000000000000000000000000000000000213411796000117HELION CLAYTON CAMARGO LANCH            RUA VOLUNTARIOS DA PATRIA   445 445            0000093700000CAMPO BOM      RS0000 000000000000003                       000022
1                0416070035008       45548                    0004554868                                   101PED37526543004150000000045351041     08N090415090000000000001360000000000000000000000000000000000000000000000289891337000220HOSPITAL DE CARIDADE SAO ROQUE          RUA OSVALDO CRUZ 116                           0000093700000CAMPO BOM      RS0000 000000000000003                       000023
1                0416070035008       45517                    0004551702                                   101PED10192652204150000000025696041     08N080415090000000000000770000000000000000000000000000000000000000000000287771960000133HOTEL DA 20 LTDA                        AV 20 SETEMBRO 4882                            0000093800000SAPIRANGA      RS0000 000000000000003                       000024
1                0416070035008       45573                    0004557336                                   101PED36726541404150000000013403041     08N090415090000000000000400000000000000000000000000000000000000000000000218440154000160ILIANA REOLON PADARIA E CONFEITARIA     RUA LOTARIO V RAYMUNDO 79                      0000095630000PAROBE         RS0000 000000000000003                       000025
1                0416070035008       45528                    0004552873                                   101PED37526542204150000000009435041     08N080415090000000000000280000000000000000000000000000000000000000000000292401819000189INSTITUTO EVANGELICO JOVEM TRES COR     RUA JORGE AUGUSTO DREHER 50                    0000095660000TRES COROAS    RS0000 000000000000003                       000026
1                0416070035008       45563                    0004556348                                   101PED10192651604150000000034352041     08N090415090000000000001030000000000000000000000000000000000000000000000100051896044034IRANI DUARTE                            RUA DON FELICIANO 1803                         0000093880000ARARICA        RS0000 000000000000003                       000027
1                0416070035008       45547                    0004554779                                   101PED78826542904150000000040615041     08N090415090000000000001220000000000000000000000000000000000000000000000297759526000191JORGE LUIZ MOLLER E CIA LTDA            ESTRADA RS 20 PARADA 120 S/N                   0000095600000TAQUARA        RS0000 000000000000003                       000028
1                0416070035008       45593                    0004559312                                   101PED78826542204150000000010255041     08N090415090000000000000310000000000000000000000000000000000000000000000290131061000180JOSE ALIPIO DA COSTA                    ESTRADA INTEGRACAO 1285                        0000095600000TAQUARA        RS0000 000000000000003                       000029
1                0416070035008       45588                    0004558812                                   101PED021333/1604150000000016490041     08N090415090000000000000490000000000000000000000000000000000000000000000208803039000159JOSE UBIRATAN RODRIGUES                 RUA VERA CRUZ 607                              0000095630000PAROBE         RS0000 000000000000003                       000030
1                0416070035008       45590                    0004559088                                   101PED78826541604150000000044421041     08N090415090000000000001330000000000000000000000000000000000000000000000100055719627049JUCARA MARIA DA SILVA ROCHA             ESTRADA INTEGRACAO 10280                       0000095600000TAQUARA        RS0000 000000000000003                       000031
1                0416070035008       45557                    0004555767                                   101PED40626541604150000000019088041     08N090415090000000000000570000000000000000000000000000000000000000000000100000236371029JOSE MARIA PATRICIO DE ALMEIDA          RUA VITOR MATEUS TEIXEIRA 315                  0000093800000SAPIRANGA      RS0000 000000000000003                       000032
1                0416070035008       45541                    0004554108                                   101PED10192651204150000000023671041     08N090415090000000000000710000000000000000000000000000000000000000000000213533307000108LE E ROSE RESTAURANTE LTDA              RUA CIDREIRA 351                               0000095660000TRES COROAS    RS0000 000000000000003                       000033
1                0416070035008       45582                    0004558243                                   101PED40626541604150000000009861041     08N090415090000000000000300000000000000000000000000000000000000000000000218840415000139LISETE TEREZINHA ABDU                   MIGUEL BAUER 2026                              0000095600000TAQUARA        RS0000 000000000000003                       000034
1                0416070035008       45580                    0004558081                                   101PED021332/2304150000000040173041     08N090415090000000000001210000000000000000000000000000000000000000000000206788802000194LASIER M SCHUNKE                        RUA JUPITER 74                                 0000093800000SAPIRANGA      RS0000 000000000000003                       000035
1                0416070035008       45535                    0004553527                                   101PED78826541504150000000056611041     08N080415090000000000001700000000000000000000000000000000000000000000000217302327000110MERCADO ACOUGUE FREGUESIAS MUNDO NO     RUA SANTOS DUMOND 62                           0000095600000TAQUARA        RS0000 000000000000003                       000036
1                0416070035008       45534                    0004553454                                   101PED78826542904150000000066801041     08N080415090000000000002000000000000000000000000000000000000000000000000220534010000114MERCADO SARMENTO RENCK LTDA - ME        ROD RS 020 25829                               0000095600000TAQUARA        RS0000 000000000000003                       000037
1                0416070035008       45536                    0004553608                                   101PED78826542204150000000034389041     08N080415090000000000001030000000000000000000000000000000000000000000000207967388000143M FISCHBORN E CIA LTDA                  ESTRADA RS 20 KM 37 KM 37                      0000095600000TAQUARA        RS0000 000000000000003                       000038
1                0416070035008       45537                    0004553780                                   101PED78826542904150000000034388041     08N080415090000000000001030000000000000000000000000000000000000000000000207967388000143M FISCHBORN E CIA LTDA                  ESTRADA RS 20 KM 37 KM 37                      0000095600000TAQUARA        RS0000 000000000000003                       000039
1                0416070035008       45591                    0004559150                                   101PED78826542304150000000080819041     08N090415090000000000002420000000000000000000000000000000000000000000000204297765000196MARIA GECI DO ROSARIO ARTEIRO           ESTRADA INTEGRACAO 5142                        0000095600000TAQUARA        RS0000 000000000000003                       000040
1                0416070035008       45592                    0004559231                                   101PED78826543004150000000081291041     08N090415090000000000002440000000000000000000000000000000000000000000000210840095000105MERCADO COSTA E NEVES LTDA              ESTRADA PEGA FOGO BAIXO 2619                   0000095600000TAQUARA        RS0000 000000000000003                       000041
1                0416070035008       45542                    0004554280                                   101PED37526541504150000000023600041     08N090415090000000000000710000000000000000000000000000000000000000000000204794245000199M A MOHRBACH M E                        RUA MAL ARTHUR C. SILVA 379                    0000095650000IGREJINHA      RS0000 000000000000003                       000042
1                0416070035008       45529                    0004552954                                   101PED40626542204150000000043594041     08N080415090000000000001310000000000000000000000000000000000000000000000207652137000170MAICON ERNANI VALANDRO                  RUA EMPRESA 1064                               0000095600000TAQUARA        RS0000 000000000000003                       000043
1                0416070035008       45530                    0004553039                                   101PED40626542904150000000043593041     08N080415090000000000001310000000000000000000000000000000000000000000000207652137000170MAICON ERNANI VALANDRO                  RUA EMPRESA 1064                               0000095600000TAQUARA        RS0000 000000000000003                       000044
1                0416070035008       45518                    0004551885                                   101PED36726522704150000000028700041     08N080415090000000000000860000000000000000000000000000000000000000000000219740155000192MARLUCE KREWER DIEL                     AV JOAO CORREA 1563                            0000093800000SAPIRANGA      RS0000 000000000000003                       000045
1                0416070035008       45546                    0004554698                                   101PED34426542904150000000017176041     08N090415090000000000000520000000000000000000000000000000000000000000000217637689000162MARA SILVANA DA SILVA                   RUA 9  / ITAIPU 63/300                         0000093700000CAMPO BOM      RS0000 000000000000003                       000046
1                0416070035008       45566                    0004556674                                   101PED40626541504150000000023976041     08N090415090000000000000720000000000000000000000000000000000000000000000221534989000193MOINHO PIZZARIA E EVENTOS LTDA-ME       AV SEBASTIAO AMORETI 1679                      0000095600000TAQUARA        RS0000 000000000000003                       000047
1                0416070035008       45564                    0004556429                                   101PED36726542304150000000009816041     08N090415090000000000000290000000000000000000000000000000000000000000000210550840000181MARISETE VERONESE SBARDELOTTO           RUA DA ESCOLA 125                              0000093890000NOVA HARTZ     RS0000 000000000000003                       000048
1                0416070035008       45556                    0004555686                                   101PED34426542204150000000012009041     08N090415090000000000000360000000000000000000000000000000000000000000000209457437000123MARINES FUMAGALLI MORAES                RUA GETULIO VARGAS 32 LJ 02                    0000093800000SAPIRANGA      RS0000 000000000000003                       000049
1                0416070035008       45520                    0004552040                                   101PED10192651504150000000018263041     08N080415090000000000000550000000000000000000000000000000000000000000000219960653000140M R G ALIMENTOS ME                      RUA CARLOS BRENNER 703                         0000093800000SAPIRANGA      RS0000 000000000000003                       000050
1                0416070035008       45562                    0004556267                                   101PED021327/2304150000000010050041     08N090415090000000000000300000000000000000000000000000000000000000000000274798109000152MILTON FLOR                             RUA MARIO QUINTANA 161                         0000093800000SAPIRANGA      RS0000 000000000000003                       000051
1                0416070035008       45581                    0004558162                                   101PED36726553004150000000023192041     08N090415090000000000000700000000000000000000000000000000000000000000000219740155000192MARLUCE KREWER DIEL                     AV JOAO CORREA 1563                            0000093800000SAPIRANGA      RS0000 000000000000003                       000052
1                0416070035008       45570                    0004557093                                   101PED40626552304150000000018630041     08N090415090000000000000560000000000000000000000000000000000000000000000219805441000199NATA JUNIOR OLIVEIRA DA SILVA ALIME     RUA ERMELINDO PEREIRA MARTINS 11               0000093800000SAPIRANGA      RS0000 000000000000003                       000053
1                0416070035008       45586                    0004558650                                   101PED34426541204150000000019195041     08N090415090000000000000580000000000000000000000000000000000000000000000100066754313072PATRICIA REGIANE DE OLIVEIRA            RUA QUIRINAL 154                               0000093542360NOVO HAMBURGO  RS0000 000000000000003                       000054
1                0416070035008       45540                    0004554027                                   101PED40626541604150000000043850041     08N090415090000000000001320000000000000000000000000000000000000000000000208757565000120PADARIA E CONFEITARIA JACKSON DA RO     AV SEBASTIAO AMORETTI 3695                     0000095600000TAQUARA        RS0000 000000000000003                       000055
1                0416070035008       45568                    0004556836                                   101PED34426550705150000000047319041     08N090415090000000000001420000000000000000000000000000000000000000000000209512297000149PADARIA CONF NONNA ROMANA LTDA          RUA CARLOS BIEHL 79                            0000093800000SAPIRANGA      RS0000 000000000000003                       000056
1                0416070035008       45558                    0004555848                                   101PED37526551604150000000036229041     08N090415090000000000001090000000000000000000000000000000000000000000000216367850000162RESTAURANTE ROTA DA SERRA LTDA          RUA TANCREDO NEVES 5500                        0000096550000IGREJINHA      RS0000 000000000000003                       000057
1                0416070035008       45577                    0004557743                                   101PED10212652304150000000028031041     08N090415090000000000000840000000000000000000000000000000000000000000000202599582000108RESTAURANTE GARFAO                      AV 7 DE SETEMBRO 1045                          0000093332470NOVO HAMBURGO  RS0000 000000000000003                       000058
1                0416070035008       45578                    0004557824                                   101PED10212652204150000000013491041     08N090415090000000000000400000000000000000000000000000000000000000000000213438170000102RESTAURANTE UNION LDTA                  RUA LIMA E SILVA 107                           0000093510030NOVO HAMBURGO  RS0000 000000000000003                       000059
1                0416070035008       45555                    0004555503                                   101PED40626532304150000000060328041     08N090415090000000000001810000000000000000000000000000000000000000000000218176182000111R R SILVA COMERCIO ALIMENTOS LTDA-M     RUA ERNESTO ANTONIO DE PAULA 339               0000093800000SAPIRANGA      RS0000 000000000000003                       000060
1                0416070035008       45574                    0004557417                                   101PED36726541604150000000025862041     08N090415090000000000000780000000000000000000000000000000000000000000000209004966000171SILDA CORREA                            AV ARTUINO ARSAND 573                          0000095630000PAROBE         RS0000 000000000000003                       000061
1                0416070035008       45531                    0004553128                                   101PED37526541504150000000013750041     08N080415090000000000000410000000000000000000000000000000000000000000000200608599000140S E F LANCHES LTDA                      AV SEBASTIAO AMORETTI 2838                     0000095600000TAQUARA        RS0000 000000000000003                       000062
1                0416070035008       45533                    0004553373                                   101PED40626542904150000000074687041     08N080415090000000000002240000000000000000000000000000000000000000000000208111611000119SIRLEI BRIZOLLA DE OLIVEIRA             RUA OSVALDO ARANHA 1220                        0000095660000TAQUARA        RS0000 000000000000003                       000063
1                0416070035008       45521                    0004552121                                   101PED37526542204150000000023510041     08N080415090000000000000710000000000000000000000000000000000000000000000297279350000170SOCIEDADE BENEFICIENTE SAPIRANGUENS     RUA GETULIO VARGAS 597                         0000093800000SAPIRANGA      RS0000 000000000000003                       000064
1                0416070035008       45525                    0004552539                                   101PED40626532204150000000027704041     08N080415090000000000000830000000000000000000000000000000000000000000000291212621000194SUPERMERCADO REJANE LTDA                RUA DUQUE CAXIAS 767                           0000093800000SAPIRANGA      RS0000 000000000000003                       000065
1                0416070035008       45560                    0004556003                                   101PED36726553004150000000035424041     08N090415090000000000001060000000000000000000000000000000000000000000000219056661000167SOUZA E FORSTER LTDA                    RUA DA BICA 544                                0000093890000NOVA HARTZ     RS0000 000000000000003                       000066
1                0416070035008       45594                    0004559495                                   101PED34426552304150000000037614041     08N090415090000000000001130000000000000000000000000000000000000000000000213723133000138SOLANGE BEATRIZ DA SILVA                AV 20 SETEMBRO 5327                            0000093800000SAPIRANGA      RS0000 000000000000003                       000067
1                0416070035008       45569                    0004556917                                   101PED10192651104150000000011195041     08N090415090000000000000340000000000000000000000000000000000000000000000100002233414012SERGIO EZEQUIEL LOPES DE OLIVEIRA       RUA SAO JACO 1187                              0000093800000SAPIRANGA      RS0000 000000000000003                       000068
1                0416070035008       45597                    0004559738                                   101PED10192651604150000000019311041     08N090415090000000000000580000000000000000000000000000000000000000000000211991405000155S S J MERCADO ACOUGUE LTDA              RUA ROCHA POMBO 275                            0000093800000SAPIRANGA      RS0000 000000000000003                       000069
1                0416070035008       45598                    0004559800                                   101PED40626551904150000000095894041     08N090415090000000000002880000000000000000000000000000000000000000000000290064387000132SERGIO SOUZA FIALHO ME                  RUA PRESIDENTE KENNEDY 184                     0000093800000SAPIRANGA      RS0000 000000000000003                       000070
1                0416070035008       45539                    0004553942                                   101PED10192652204150000000065319041     08N080415090000000000001960000000000000000000000000000000000000000000000221832066000118TANARA RAFAELA ALVES RODRIGUES          RUA 1 DE AGOSTO 555                            0000093800000SAPIRANGA      RS0000 000000000000003                       000071
1                0416070035008       45583                    0004558324                                   101PED36726552304150000000014162041     08N090415090000000000000420000000000000000000000000000000000000000000000213693941000108TEREZINHA INEZ HEISLER                  RUA SANTO ANTONIO DA PATRULIA 1252             0000095600000TAQUARA        RS0000 000000000000003                       000072
1                0416070035008       45532                    0004553292                                   101PED10192652204150000000032742041     08N080415090000000000000980000000000000000000000000000000000000000000000100089529596049VALMIR SANTOS BUENO                     RUA MAL ASTHUR DA COSTA E SILVA 96             0000095650000IGREJINHA      RS0000 000000000000003                       000073
1                0416070035008       45596                    0004559649                                   101PED10192651604150000000033007041     08N090415090000000000000990000000000000000000000000000000000000000000000214413964000176VANDRA ELENA VINQUES DOS SANTOS         RUA UBERABA 145                                0000093800000SAPIRANGA      RS0000 000000000000003                       000074
9                          0000002545601                                                                                                                                                                                                                                                                                                                                                                  000075
