01REMESSA                 0416070035008       DISTRIBUIDORA DE ALIMENTOS BIL041BANRISUL       130415                                                                                                                                                                                                                                                                                                      000001
1                0416070035008       45614                    0004561457                                   101PED10192652304150000000032641041     08N090415090000000000000980000000000000000000000000000000000000000000000209166934000172ANDRE CEZAR WAHLBRINK                   RUA CARMEN MIRANDA 1102                        0000093800000SAPIRANGA      RS0000 000000000000003                       000002
1                0416070035008       45612                    0004561295                                   101PED10192652304150000000011656041     08N090415090000000000000350000000000000000000000000000000000000000000000201968511000164ARCELIO PAULO BOTTEGA                   RUA ILHEUS 16                                  0000093800000SAPIRANGA      RS0000 000000000000003                       000003
1                0416070035008       45652                    0004565258                                   101PED021369/0105150000000062595041     08N100415090000000000001880000000000000000000000000000000000000000000000205656507000111ALAN JONAS RABELLO                      RUA SETE SETEMBRO 321                          0000093800000SAPIRANGA      RS0000 000000000000003                       000004
1                0416070035008       45641                    0004564189                                   101PED78826560105150000000030131041     08N100415090000000000000900000000000000000000000000000000000000000000000202224885000138ARISTIDES DE OLIVEIRA E CIA LTDA ME     RUA RODEIO BONITO 15                           0000093890000NOVA HARTZ     RS0000 000000000000003                       000005
1                0416070035008       45629                    0004562933                                   101PED10222652404150000000010523041     08N100415090000000000000320000000000000000000000000000000000000000000000210267523000152ANCORA EMPREENDIMENTOS IMOBILIARIOS     EST RS 240 7246                                0000093180000PORTAO         RS0000 000000000000003                       000006
1                0416070035008       45639                    0004563921                                   101PED37526550805150000000018703041     08N100415090000000000000560000000000000000000000000000000000000000000000288625686000823ASSOCIACAO EDUCADORA SAO CARLOS         RUA EMILIO L ESTEVES 1042                      0000095600000TAQUARA        RS0000 000000000000003                       000007
1                0416070035008       45626                    0004562690                                   101PED021337/0105150000000024590041     08N100415090000000000000740000000000000000000000000000000000000000000000205656507000111ALAN JONAS RABELLO                      RUA SETE SETEMBRO 321                          0000093800000SAPIRANGA      RS0000 000000000000003                       000008
1                0416070035008       45624                    0004562445                                   101PED10192651604150000000023258041     08N100415090000000000000700000000000000000000000000000000000000000000000100075627310049CRISTINE GOMES DE OLIVEIRA              RUA KRAEMER ECK 233                            0000093800000SAPIRANGA      RS0000 000000000000003                       000009
1                0416070035008       45608                    0004560876                                   101PED10212652304150000000016108041     08N090415090000000000000480000000000000000000000000000000000000000000000207323194000105CLEZAR HARDESSEM E CIA LTDA             JOAQUIM NABUCO 1250                            0000093310002NOVO HAMBURGO  RS0000 000000000000003                       000010
1                0416070035008       45606                    0004560612                                   101PED10192651604150000000011329041     08N090415090000000000000340000000000000000000000000000000000000000000000207667378000192CLAUDIO NORBERTO LUIZ LOPES             RUA PRESIDENTE KENNEDY 1276                    0000093800000SAPIRANGA      RS0000 000000000000003                       000011
1                0416070035008       45632                    0004563271                                   101PED37526552404150000000013445041     08N100415090000000000000400000000000000000000000000000000000000000000000214570291000168CLEOMAR BORN DA SILVA E CIA LTDA        RUA  EMILIO LUCIO ESTEVES 1041                 0000095600000TAQUARA        RS0000 000000000000003                       000012
1                0416070035008       45643                    0004564340                                   101PED10192651704150000000010645041     08N100415090000000000000320000000000000000000000000000000000000000000000221443335000154DOUGLAS RAFAEL TASCHETTO                RUA CEL  GENUINO SAMPAIO 412                   0000093800000SAPIRANGA      RS0000 000000000000003                       000013
1                0416070035008       45587                    0004558731                                   101PED34426541404150000000063025041     08N090415090000000000001890000000000000000000000000000000000000000000000100081349394068EGNEZ DE OLIVEIRA ANDRADE               RUA SILVIO CRISTMANN 1765                      0000093544030NOVO HAMBURGO  RS0000 000000000000003                       000014
1                0416070035008       45634                    0004563433                                   101PED10222651304150000000037884041     08N100415090000000000001140000000000000000000000000000000000000000000000219249776000178EVERALDO PEREIRA CAVALHEIRO             R DUQUE DE CAXIAS 440                          0000093180000PORTAO         RS0000 000000000000003                       000015
1                0416070035008       45621                    0004562100                                   101PED10192651704150000000019886041     08N100415090000000000000600000000000000000000000000000000000000000000000100098953010063GERSON BACKES    MERCADO DAS FRUTAS     RUA DOS PLATANOS 170                           0000093800000SAPIRANGA      RS0000 000000000000003                       000016
1                0416070035008       45602                    0004560205                                   101PED34426553004150000000018617041     08N090415090000000000000560000000000000000000000000000000000000000000000214057410000183GOSTO DE FESTA LTDA ME                  RUA VISCONDE DE CAIRU 664                      0000093800000SAPIRANGA      RS0000 000000000000003                       000017
1                0416070035008       45649                    0004564928                                   101PED34426560105150000000011541041     08N100415090000000000000350000000000000000000000000000000000000000000000213411796000117HELION CLAYTON CAMARGO LANCH            RUA VOLUNTARIOS DA PATRIA   445 445            0000093700000CAMPO BOM      RS0000 000000000000003                       000018
1                0416070035008       45650                    0004565096                                   101PED40626561704150000000014990041     08N100415090000000000000450000000000000000000000000000000000000000000000100000236371029JOSE MARIA PATRICIO DE ALMEIDA          RUA VITOR MATEUS TEIXEIRA 315                  0000093800000SAPIRANGA      RS0000 000000000000003                       000019
1                0416070035008       45605                    0004560531                                   101PED36726553004150000000037924041     08N090415090000000000001140000000000000000000000000000000000000000000000208488666000142JAQUELINE LEAL NUNES MINIMERCADO        RUA COLUMBIA 1077                              0000093542090NOVO HAMBURGO  RS0000 000000000000003                       000020
1                0416070035008       45604                    0004560469                                   101PED37526553004150000000077570041     08N090415090000000000002330000000000000000000000000000000000000000000000215168708000123JOCEMARA DOS SANTOS                     AVENIDA JOAO XXIII 261                         0000093700000CAMPO BOM      RS0000 000000000000003                       000021
1                0416070035008       45631                    0004563190                                   101PED10222651504150000000021608041     08N100415090000000000000650000000000000000000000000000000000000000000000100000497725037JOSE LUIZ DE OLIVEIRA                   RUA JOAO LUIZ MORAES 3749                      0000093180000PORTAO         RS0000 000000000000003                       000022
1                0416070035008       45644                    0004564421                                   101PED78826561704150000000016577041     08N100415090000000000000500000000000000000000000000000000000000000000000211486085000186LUSO COMERCIAL LTDA                     RUA LAGEADO 154                                0000093880000NOVA HARTZ     RS0000 000000000000003                       000023
1                0416070035008       45616                    0004561600                                   101PED10212651704150000000023640041     08N100415090000000000000710000000000000000000000000000000000000000000000219713202000109LANCHERIA CORREA E HUEGEL LTDA- ME      DOMINGOS DE ALMEIDA 630                        0000093510100NOVO HAMBURGO  RS0000 000000000000003                       000024
1                0416070035008       45603                    0004560388                                   101PED34426550705150000000055281041     08N090415090000000000001660000000000000000000000000000000000000000000000214029919000112LUANA LEITE ME                          AV 20 SETEMBRO 2185                            0000093800000SAPIRANGA      RS0000 000000000000003                       000025
1                0416070035008       45599                    0004559983                                   101PED10192653004150000000011425041     08N090415090000000000000340000000000000000000000000000000000000000000000215071883000106LURDES LARA                             RUA ORIANE 505                                 0000093880000ARARICA        RS0000 000000000000003                       000026
1                0416070035008       45615                    0004561538                                   101PED40626552304150000000029910041     08N090415090000000000000900000000000000000000000000000000000000000000000100089164075087MARIA NELI GARCEZ BRIZOLA               RUA WALTER BRUNO KLEIN 891                     0000093800000SAPIRANGA      RS0000 000000000000003                       000027
1                0416070035008       45636                    0004563689                                   101PED78826562404150000000019179041     08N100415090000000000000580000000000000000000000000000000000000000000000218285964000199MARINEZ ZANCHETTA DE OLIVEIRA           RUA SAO LUIZ 12                                0000093890000NOVA HARTZ     RS0000 000000000000003                       000028
1                0416070035008       45642                    0004564278                                   101PED37526561704150000000023063041     08N100415090000000000000690000000000000000000000000000000000000000000000210793620000189MARILANE MARCIA WASEM PEREIRA           RUA DOS ANDRADAS 183                           0000093700000CAMPO BOM      RS0000 000000000000003                       000029
1                0416070035008       45619                    0004561945                                   101PED36726552404150000000027672041     08N100415090000000000000830000000000000000000000000000000000000000000000205554870000126M C DE OLIVEIRA DOCE DA CASA            AV PEDRO BLOS 785                              0000093700000CAMPO BOM      RS0000 000000000000003                       000030
1                0416070035008       45607                    0004560795                                   101PED36726551604150000000017008041     08N090415090000000000000510000000000000000000000000000000000000000000000221276943000111MERCADO E CASA DE CARNES ZANCHET LT     RUA 11 DE ABRIL 106                            0000093700000CAMPO BOM      RS0000 000000000000003                       000031
1                0416070035008       45609                    0004560957                                   101PED10192652304150000000024474041     08N090415090000000000000730000000000000000000000000000000000000000000000207735735000102MILLE COMERCIO DE ALIMENTOS LTDA        NU 239                                         0000093800000SAPIRANGA      RS0000 000000000000003                       000032
1                0416070035008       45651                    0004565177                                   101PED021366/1704150000000037555041     08N100415090000000000001130000000000000000000000000000000000000000000000100058955003072NOELI COSTA                             RUA VISCONDE SAO LEOPOLDO 372                  0000093800000SAPIRANGA      RS0000 000000000000003                       000033
1                0416070035008       45601                    0004560124                                   101PED34426552304150000000020125041     08N090415090000000000000600000000000000000000000000000000000000000000000290384793000182NELSON BRAGA MARCO                      RUA MAJOR BENTO ALVES 2259                     0000093800000SAPIRANGA      RS0000 000000000000003                       000034
1                0416070035008       45630                    0004563018                                   101PED10222652404150000000021253041     08N100415090000000000000640000000000000000000000000000000000000000000000218551043000120NELCI APARECIDA SOUZA PEDROSO - ME      RUA SAO PEDRO 1831                             0000093180000PORTAO         RS0000 000000000000003                       000035
1                0416070035008       45625                    0004562518                                   101PED40626552404150000000027223041     08N100415090000000000000820000000000000000000000000000000000000000000000100050004611004OTAVIO VIECZOREK                        RUA PRESIDENTE KENNEDY 1784                    0000093800000SAPIRANGA      RS0000 000000000000003                       000036
1                0416070035008       45645                    0004564596                                   101PED78826562404150000000037757041     08N100415090000000000001130000000000000000000000000000000000000000000000221062144000142PAULO HENRIQUE BENKENSTEIN              RUA ORLANDO SILVA / HENRIQUE HOFMANN 99        0000093890000NOVA HARTZ     RS0000 000000000000003                       000037
1                0416070035008       45648                    0004564839                                   101PED36726562404150000000018310041     08N100415090000000000000550000000000000000000000000000000000000000000000209008192000157PONTO DE ALIMENTACAO KONRATH LTDA       RUA BERTHOLD KONRATH 370                       0000093700000CAMPO BOM      RS0000 000000000000003                       000038
1                0416070035008       45628                    0004562852                                   101PED10212651304150000000032111041     08N100415090000000000000960000000000000000000000000000000000000000000000213719363000123PASTEL SUL LANCHES LTDA                 AV: BRASILIA 294                               0000093180000PORTAO         RS0000 000000000000003                       000039
1                0416070035008       45633                    0004563352                                   101PED10222652404150000000008420041     08N100415090000000000000250000000000000000000000000000000000000000000000207397875000118RAFAEL HERPICH                          RUA SAO TOME 194                               0000093180000PORTAO         RS0000 000000000000003                       000040
1                0416070035008       45646                    0004564677                                   101PED37526561704150000000064000041     08N100415090000000000001920000000000000000000000000000000000000000000000216367850000162RESTAURANTE ROTA DA SERRA LTDA          RUA TANCREDO NEVES 5500                        0000096550000IGREJINHA      RS0000 000000000000003                       000041
1                0416070035008       45655                    0004565584                                   101PED37526560805150000000056100041     08N130415090000000000001680000000000000000000000000000000000000000000000212097005000163SR REFEICOES LTDA                       ROD 239 KM 76 7001 PAV 01                      0000093700000CAMPO BOM      RS0000 000000000000003                       000042
1                0416070035008       45611                    0004561112                                   101PED40626553004150000000180788041     08N090415090000000000005420000000000000000000000000000000000000000000000203303068000138SILVIA ADRIANA MOREIRA DE ALMEIDA M     RUA DUQUE DE CAXIAS 1328                       0000093800000SAPIRANGA      RS0000 000000000000003                       000043
1                0416070035008       45635                    0004563506                                   101PED78826552404150000000029275041     08N100415090000000000000880000000000000000000000000000000000000000000000209512846000185SUPERMERCADO SADYNE LTDA                RUA HENRIQUE HOFFMANN 2665                     0000093890000NOVA HARTZ     RS0000 000000000000003                       000044
1                0416070035008       45647                    0004564758                                   101PED78826552404150000000043853041     08N100415090000000000001320000000000000000000000000000000000000000000000209587938000124SANDRA HERASINCZUK MINIMERCADO          RUA 13 DE MAIO 5178                            0000093600000ESTANCIA VELHA RS0000 000000000000003                       000045
1                0416070035008       45627                    0004562771                                   101PED34426551704150000000024933041     08N100415090000000000000750000000000000000000000000000000000000000000000201784989000134SERGIO VALDIR GOMES DA SILVA            RUA VISCONDE SAO LEOPOLDO 67                   0000093800000SAPIRANGA      RS0000 000000000000003                       000046
1                0416070035008       45620                    0004562038                                   101PED34426552404150000000021226041     08N100415090000000000000640000000000000000000000000000000000000000000000213723133000138SOLANGE BEATRIZ DA SILVA                AV 20 SETEMBRO 5327                            0000093800000SAPIRANGA      RS0000 000000000000003                       000047
1                0416070035008       45637                    0004563778                                   101PED36726551704150000000038179041     08N100415090000000000001150000000000000000000000000000000000000000000000204531537000139SERGIO DE ALMEIDA PINHEIRO              RUA PRIMEIRO MAIO 16                           0000095630000PAROBE         RS0000 000000000000003                       000048
1                0416070035008       45613                    0004561376                                   101PED10192651604150000000024066041     08N090415090000000000000720000000000000000000000000000000000000000000000217259724000157THAIS FERNANDA RANSEIER                 RUA KRAEMER ECK 295                            0000093800000SAPIRANGA      RS0000 000000000000003                       000049
1                0416070035008       45617                    0004561783                                   101PED36726550105150000000032556041     08N100415090000000000000980000000000000000000000000000000000000000000000208295434000178THIAGO EDUARDO ZOEHLER                  EST RS 239 2075                                0000093800000SAPIRANGA      RS0000 000000000000003                       000050
1                0416070035008       45653                    0004565339                                   101PED40626562404150000000020898041     08N100415090000000000000630000000000000000000000000000000000000000000000201373337000107VALDECIR FLOR                           RUA TAMBURELO 582                              0000093800000SAPIRANGA      RS0000 000000000000003                       000051
9                          0000001555526                                                                                                                                                                                                                                                                                                                                                                  000052
