01REMESSA                 0416070035008       DISTRIBUIDORA DE ALIMENTOS BIL041BANRISUL       140415                                                                                                                                                                                                                                                                                                      000001
1                0416070035008       45692                    0004569210                                   101PED40626592704150000000011851041     08N130415090000000000000360000000000000000000000000000000000000000000000200837574000119ANTONIO WESZ ME                         RUA NOVA REPUBLICA 210                         0000093800000SAPIRANGA      RS0000 000000000000003                       000002
1                0416070035008       45663                    0004566327                                   101PED78826591105150000000043576041     08N130415090000000000001310000000000000000000000000000000000000000000000291681361000368ASSOCIACAO CONGRECACAO SANTA CATARI     AV MAURICIO CARDOSO 711                        0000093510250NOVO HAMBURGO  RS0000 000000000000003                       000003
1                0416070035008       45662                    0004566246                                   101PED78826591105150000000044286041     08N130415090000000000001330000000000000000000000000000000000000000000000291681361000368ASSOCIACAO CONGRECACAO SANTA CATARI     AV MAURICIO CARDOSO 711                        0000093510250NOVO HAMBURGO  RS0000 000000000000003                       000004
1                0416070035008       45660                    0004566084                                   101PED021394/0405150000000014707041     08N130415090000000000000440000000000000000000000000000000000000000000000205656507000111ALAN JONAS RABELLO                      RUA SETE SETEMBRO 321                          0000093800000SAPIRANGA      RS0000 000000000000003                       000005
1                0416070035008       45656                    0004565665                                   101PED34426562004150000000049776041     08N130415090000000000001490000000000000000000000000000000000000000000000100085620742687ELISABETH GOMES DOS REIS                RUA BEIJA FLOR 180                             0000093700000CAMPO BOM      RS0000 000000000000003                       000006
1                0416070035008       45668                    0004566815                                   101PED40626591904150000000048186041     08N130415090000000000001450000000000000000000000000000000000000000000000221357698000177L M MORAIS EMPREENDIMENTOS              RUA PAVOES 309                                 0000093800000SAPIRANGA      RS0000 000000000000003                       000007
1                0416070035008       45664                    0004566408                                   101PED021397/2704150000000054197041     08N130415090000000000001630000000000000000000000000000000000000000000000206788802000194LASIER M SCHUNKE                        RUA JUPITER 74                                 0000093800000SAPIRANGA      RS0000 000000000000003                       000008
1                0416070035008       45672                    0004567234                                   101PED36726590405150000000040112041     08N130415090000000000001200000000000000000000000000000000000000000000000219740155000192MARLUCE KREWER DIEL                     AV JOAO CORREA 1563                            0000093800000SAPIRANGA      RS0000 000000000000003                       000009
1                0416070035008       45684                    0004568486                                   101PED021408/2004150000000021128041     08N130415090000000000000630000000000000000000000000000000000000000000000100058955003072NOELI COSTA                             RUA VISCONDE SAO LEOPOLDO 372                  0000093800000SAPIRANGA      RS0000 000000000000003                       000010
1                0416070035008       45676                    0004567641                                   101PED78826592004150000000090792041     08N130415090000000000002720000000000000000000000000000000000000000000000211216539000107KANTO DO LANCHE LANCHERIA LTDA          RUA VICENTE JORGE DA SILVA 116                 0000093600000ESTANCIA VELHA RS0000 000000000000003                       000011
1                0416070035008       45685                    0004568559                                   101PED40626590405150000000011113041     08N130415090000000000000330000000000000000000000000000000000000000000000213149887000126PEDRO PAULO ALVES BURGDURFF             AV 20 SETEMBRO 2348                            0000093800000SAPIRANGA      RS0000 000000000000003                       000012
1                0416070035008       45674                    0004567498                                   101PED34426591105150000000042744041     08N130415090000000000001280000000000000000000000000000000000000000000000209512297000149PADARIA CONF NONNA ROMANA LTDA          RUA CARLOS BIEHL 79                            0000093800000SAPIRANGA      RS0000 000000000000003                       000013
1                0416070035008       45667                    0004566734                                   101PED34426592704150000000046250041     08N130415090000000000001390000000000000000000000000000000000000000000000294126448000108PADARIA CONF FERST LTDA                 RUA PRESIDENTE KENNEDY 234                     0000093800000SAPIRANGA      RS0000 000000000000003                       000014
1                0416070035008       45671                    0004567153                                   101PED78826590405150000000058822041     08N130415090000000000001760000000000000000000000000000000000000000000000205057981000127SEDENIR COSTA CURTA CORADI              RUA PORTAO 165                                 0000093600000ESTANCIA VELHA RS0000 000000000000003                       000015
1                0416070035008       45670                    0004567072                                   101PED34426592704150000000170965041     08N130415090000000000005130000000000000000000000000000000000000000000000208287683000111SALETE IND COM DOCES SALGADOS LTDA      RUA GEN FLORES CUNHA 674                       0000093800000SAPIRANGA      RS0000 000000000000003                       000016
1                0416070035008       45665                    0004566572                                   101PED36726590405150000000023859041     08N130415090000000000000720000000000000000000000000000000000000000000000208295434000178THIAGO EDUARDO ZOEHLER                  EST RS 239 2075                                0000093800000SAPIRANGA      RS0000 000000000000003                       000017
1                0416070035008       45675                    0004567560                                   101PED36726590405150000000007000041     08N130415090000000000000210000000000000000000000000000000000000000000000208295434000178THIAGO EDUARDO ZOEHLER                  EST RS 239 2075                                0000093800000SAPIRANGA      RS0000 000000000000003                       000018
9                          0000000779364                                                                                                                                                                                                                                                                                                                                                                  000019
