01REMESSA                 0416070035008       DISTRIBUIDORA DE ALIMENTOS BIL041BANRISUL       160415                                                                                                                                                                                                                                                                                                      000001
1                0416070035008       45727                    0004572750                                   101PED10192652004150000000011858041     08N140415090000000000000360000000000000000000000000000000000000000000000201589881000190AIRTON BOHRER MINIMERCADO               RUA HALEY DO AMARAL CARDOSO 65                 0000095650000IGREJINHA      RS0000 000000000000003                       000002
1                0416070035008       45737                    0004573749                                   101PED37526592104150000000023123041     08N140415090000000000000690000000000000000000000000000000000000000000000219783176000195ADIO SEBASTIAO RIZZOTTO DE OLIVEIRA     AV 25 DE JULHO 582                             0000095630000PAROBE         RS0000 000000000000003                       000003
1                0416070035008       45796                    0004579607                                   101PED021424/1205150000000001379041     08N150415090000000000000040000000000000000000000000000000000000000000000291681361000368ASSOCIACAO CONGRECACAO SANTA CATARI     AV MAURICIO CARDOSO 711                        0000093510250NOVO HAMBURGO  RS0000 000000000000003                       000004
1                0416070035008       45823                    0004582322                                   101PED36726602904150000000020046041     08N150415090000000000000600000000000000000000000000000000000000000000000210708612000197ALEXSANDRO GOMES DE OLIVEIRA - ME       RUA VARZEA / GOMES 523                         0000093880000ARARICA        RS0000 000000000000003                       000005
1                0416070035008       45822                    0004582241                                   101PED37526612904150000000017188041     08N150415090000000000000520000000000000000000000000000000000000000000000208097353000163AMW SERVICOS DE HOSPEDAGEM LTDA         RS 239 2680                                    0000093880000ARARICA        RS0000 000000000000003                       000006
1                0416070035008       45834                    0004583493                                   101PED78826611305150000000042959041     08N150415090000000000001290000000000000000000000000000000000000000000000291681361000368ASSOCIACAO CONGRECACAO SANTA CATARI     AV MAURICIO CARDOSO 711                        0000093510250NOVO HAMBURGO  RS0000 000000000000003                       000007
1                0416070035008       45833                    0004583310                                   101PED78826611305150000000045329041     08N150415090000000000001360000000000000000000000000000000000000000000000291681361000368ASSOCIACAO CONGRECACAO SANTA CATARI     AV MAURICIO CARDOSO 711                        0000093510250NOVO HAMBURGO  RS0000 000000000000003                       000008
1                0416070035008       45757                    0004575725                                   101PED78826591904150000000020482041     08N140415090000000000000610000000000000000000000000000000000000000000000100022340483972ABEL DOS SANTOS // MINIMERCADO E BA     RUA GERMANO LEUCK 390                          0000093600000ESTANCIA VELHA RS0000 000000000000003                       000009
1                0416070035008       45759                    0004575989                                   101PED10222662804150000000057416041     08N140415090000000000001720000000000000000000000000000000000000000000000289716583000165A BUHLER S/A CURTUME                    AV CAPIVARA 700                                0000093900000IVOTI          RS0000 000000000000003                       000010
1                0416070035008       45752                    0004575237                                   101PED37526592804150000000014953041     08N140415090000000000000450000000000000000000000000000000000000000000000291681361000600ASSOCIACAO CONGREGACAO SANTA CATARI     AV PRESIDENTE LUCENA 3598                      0000093900000IVOTI          RS0000 000000000000003                       000011
1                0416070035008       45790                    0004579038                                   101PED10222662904150000000019844041     08N150415090000000000000600000000000000000000000000000000000000000000000100042223563015ANTONIO FERREIRA CRUZ BAUENDAHL         SERTAO CAPIVARA 3051                           0000093940000LINDOLFO COLLORRS0000 000000000000003                       000012
1                0416070035008       45794                    0004579453                                   101PED10222652904150000000016606041     08N150415090000000000000500000000000000000000000000000000000000000000000202565373000135ADEMIR GHESLA -ME                       RUA 25 JULHO 4828                              0000093995000SANTA MARIA DO RS0000 000000000000003                       000013
1                0416070035008       45764                    0004576489                                   101PED021426/0505150000000040388041     08N140415090000000000001210000000000000000000000000000000000000000000000205656507000111ALAN JONAS RABELLO                      RUA SETE SETEMBRO 321                          0000093800000SAPIRANGA      RS0000 000000000000003                       000014
1                0416070035008       45767                    0004576713                                   101PED10192662804150000000038915041     08N140415090000000000001170000000000000000000000000000000000000000000000204628680000143ASTERIA CAVALHEIRO                      RUA CANTO DO RIO 10                            0000093800000SAPIRANGA      RS0000 000000000000003                       000015
1                0416070035008       45696                    0004569628                                   101PED10212652104150000000018997041     08N140415090000000000000570000000000000000000000000000000000000000000000211267262000214BUFFET MAIS SABOR LTDA                  RUA JOAQUIN PEDRO SOARES 509                   0000093510320NOVO HAMBURGO  RS0000 000000000000003                       000016
1                0416070035008       45713                    0004571355                                   101PED37526592804150000000013627041     08N140415090000000000000410000000000000000000000000000000000000000000000207764075000198BAR BRASIL SCHUNKE LTDA                 AV SAO MIGUEL 555 SL 01                        0000093950000DOIS IRMAOS    RS0000 000000000000003                       000017
1                0416070035008       45771                    0004577132                                   101PED36726601904150000000068846041     08N140415090000000000002070000000000000000000000000000000000000000000000207772038000121CATIANA MARIA PAZ ME                    RUA PADRE REUS 278                             0000093800000SAPIRANGA      RS0000 000000000000003                       000018
1                0416070035008       45728                    0004572831                                   101PED36726590505150000000044167041     08N140415090000000000001320000000000000000000000000000000000000000000000294686292000101COM DE ALIMENTOS WERNER LTDA            AV SAO LEOPOLDO 1641                           0000093700000CAMPO BOM      RS0000 000000000000003                       000019
1                0416070035008       45729                    0004572912                                   101PED36726590505150000000044167041     08N140415090000000000001320000000000000000000000000000000000000000000000294686292000101COM DE ALIMENTOS WERNER LTDA            AV SAO LEOPOLDO 1641                           0000093700000CAMPO BOM      RS0000 000000000000003                       000020
1                0416070035008       45712                    0004571274                                   101PED37526592104150000000043290041     08N140415090000000000001300000000000000000000000000000000000000000000000214429624000133CENTER GRILL REST PIZZA LTDA  CENTR     AVENIDA SAO MIGUEL 555                         0000093950000DOIS IRMAOS    RS0000 000000000000003                       000021
1                0416070035008       45714                    0004571436                                   101PED10192662804150000000017276041     08N140415090000000000000520000000000000000000000000000000000000000000000214783582000134CENILDA DOS SANTOS SEVERO               RUA GENERAL NASCIMENTO VARGAS 779              0000093800000SAPIRANGA      RS0000 000000000000003                       000022
1                0416070035008       45704                    0004570448                                   101PED40626590505150000000019330041     08N140415090000000000000580000000000000000000000000000000000000000000000221546161000155COMERCIO DE ALIMENTOS ORLANDI LTDA      RUA MARQUES DO POMBAL 302                      0000093800000SAPIRANGA      RS0000 000000000000003                       000023
1                0416070035008       45698                    0004569881                                   101PED40626592804150000000016576041     08N140415090000000000000500000000000000000000000000000000000000000000000208234629000108COM DE ALIMENTOS FIEL LTDA              RUA ERNESTO ANTONIA DE PAULA 67                0000093800000SAPIRANGA      RS0000 000000000000003                       000024
1                0416070035008       45825                    0004582578                                   101PED40626612904150000000143820041     08N150415090000000000004310000000000000000000000000000000000000000000000208234629000108COM DE ALIMENTOS FIEL LTDA              RUA ERNESTO ANTONIA DE PAULA 67                0000093800000SAPIRANGA      RS0000 000000000000003                       000025
1                0416070035008       45844                    0004584481                                   101PED36726602904150000000035177041     08N150415090000000000001060000000000000000000000000000000000000000000000221290086000104CARLOS HENRIQUE ZIMMERMANN              RUA FREI IRINEU 185                            0000093890000NOVA HARTZ     RS0000 000000000000003                       000026
1                0416070035008       45821                    0004582160                                   101PED37526612904150000000022228041     08N150415090000000000000670000000000000000000000000000000000000000000000214570291000168CLEOMAR BORN DA SILVA E CIA LTDA        RUA  EMILIO LUCIO ESTEVES 1041                 0000095600000TAQUARA        RS0000 000000000000003                       000027
1                0416070035008       45808                    0004580834                                   101PED36726602804150000000010762041     08N150415090000000000000320000000000000000000000000000000000000000000000217801107000131COMERCIO DE ALIMENTOS PJ LTDA // BO     RUA ARAPONGAS 76                               0000093880000NOVA HARTZ     RS0000 000000000000003                       000028
1                0416070035008       45807                    0004580753                                   101PED78826602904150000000015114041     08N150415090000000000000450000000000000000000000000000000000000000000000200141446000136COM DE ALIMENTOS SUPER DO VALE LTDA     RUA HENRIQUE HOFFMANN 1475                     0000093890000NOVA HARTZ     RS0000 000000000000003                       000029
1                0416070035008       45826                    0004582659                                   101PED40626610605150000000095880041     08N150415090000000000002880000000000000000000000000000000000000000000000221546161000155COMERCIO DE ALIMENTOS ORLANDI LTDA      RUA MARQUES DO POMBAL 302                      0000093800000SAPIRANGA      RS0000 000000000000003                       000030
1                0416070035008       45801                    0004580184                                   101PED10192662204150000000029183041     08N150415090000000000000880000000000000000000000000000000000000000000000217485219000120CRISTIANO KIPPER ME                     RUA SINIMBU 219                                0000093800000SAPIRANGA      RS0000 000000000000003                       000031
1                0416070035008       45735                    0004573587                                   101PED10192652804150000000081227041     08N140415090000000000002440000000000000000000000000000000000000000000000100086760092015DEBORA CRISTINA AZEVEDO FERNANDES       RUA 7 DE JUNHO 96                              0000095650000IGREJINHA      RS0000 000000000000003                       000032
1                0416070035008       45798                    0004579860                                   101PED78826602904150000000068900041     08N150415090000000000002070000000000000000000000000000000000000000000000210510594000134DEISE L DA ROCHA MENDES MINIMERCADO     RUA ALBANO GUILHERME KONRATH 400               0000093490000NOVO HAMBURGO  RS0000 000000000000003                       000033
1                0416070035008       45817                    0004581741                                   101PED37526612204150000000050658041     08N150415090000000000001520000000000000000000000000000000000000000000000218173962000108DEISE S NOGUEIRA SERBA                  RUA XV DE NOVEMBRO 275                         0000093700000CAMPO BOM      RS0000 000000000000003                       000034
1                0416070035008       45784                    0004578465                                   101PED78826592204150000000019713041     08N150415090000000000000590000000000000000000000000000000000000000000000214704543000102DEBORA DA ROSA PEDRO                    RUA RINCAO 904                                 0000093348460NOVO HAMBURGO  RS0000 000000000000003                       000035
1                0416070035008       45706                    0004570693                                   101PED10192652104150000000046476041     08N140415090000000000001390000000000000000000000000000000000000000000000217836830000156EVA LOPES BAPTISTA                      RUA CAMPO GRANDE 130                           0000093800000SAPIRANGA      RS0000 000000000000003                       000036
1                0416070035008       45710                    0004571010                                   101PED40626590505150000000031659041     08N140415090000000000000950000000000000000000000000000000000000000000000297196687000114ECONOMIZE AGORA MERCADO LTDA            RUA PRESIDENTE KENNEDY 1039                    0000093800000SAPIRANGA      RS0000 000000000000003                       000037
1                0416070035008       45711                    0004571193                                   101PED40626591205150000000031658041     08N140415090000000000000950000000000000000000000000000000000000000000000297196687000114ECONOMIZE AGORA MERCADO LTDA            RUA PRESIDENTE KENNEDY 1039                    0000093800000SAPIRANGA      RS0000 000000000000003                       000038
1                0416070035008       45680                    0004568060                                   101PED40626552304150000000031776041     08N130415090000000000000950000000000000000000000000000000000000000000000211900761000116ELI DE FATIMA DE BRITO                  RUA TAMBURELO 106                              0000093800000SAPIRANGA      RS0000 000000000000003                       000039
1                0416070035008       45700                    0004570022                                   101PED34426592104150000000034839041     08N140415090000000000001050000000000000000000000000000000000000000000000209646582000152E V LANGUE PADARIA  CONFEITARIA LTD     RUA ALAGOAS S/N                                0000093800000SAPIRANGA      RS0000 000000000000003                       000040
1                0416070035008       45835                    0004583566                                   101PED10192662204150000000011716041     08N150415090000000000000350000000000000000000000000000000000000000000000100061629553034EMILIO NAISSINGER TAVARES               RUA CLARA NUNES 101                            0000093800000SAPIRANGA      RS0000 000000000000003                       000041
1                0416070035008       45828                    0004582810                                   101PED36726600605150000000027716041     08N150415090000000000000830000000000000000000000000000000000000000000000293399541000115EGON OSVALDO STUMM                      RUA APARICIO ANTUNES 201                       0000095630000PAROBE         RS0000 000000000000003                       000042
1                0416070035008       45842                    0004584228                                   101PED78826600505150000000023436041     08N150415090000000000000700000000000000000000000000000000000000000000000292602630000154ERVEDIA BLUME                           RUA PEDRO ALVARES CABRAL 793                   0000093890000NOVA HARTZ     RS0000 000000000000003                       000043
1                0416070035008       45792                    0004579291                                   101PED34426602904150000000026146041     08N150415090000000000000780000000000000000000000000000000000000000000000203548714000127EDIO EDEMILSON DA SILVA E CIA LTDA      AV JOAO KLAUCK 1590                            0000093950000DOIS IRMAOS    RS0000 000000000000003                       000044
1                0416070035008       45720                    0004572009                                   101PED10212662104150000000039452041     08N140415090000000000001180000000000000000000000000000000000000000000000204625572000117FATIMA FREITAS DE OLIVEIRA ME           AU UNISINOS 950                                0000093022000SAO LEOPOLDO   RS0000 000000000000003                       000045
1                0416070035008       45818                    0004581822                                   101PED34426602204150000000024765041     08N150415090000000000000740000000000000000000000000000000000000000000000217441840000192FONSECA E KENDZIERSKI LTDA              AV BRASIL 2236                                 0000093700000CAMPO BOM      RS0000 000000000000003                       000046
1                0416070035008       45682                    0004568222                                   101PED021409/2704150000000019809041     08N130415090000000000000590000000000000000000000000000000000000000000000210211963000198GALETO FAMIGLIA STAPASOLLA LTDA         RUA BENJAMIN CONSTANT 171                      0000093310110NOVO HAMBURGO  RS0000 000000000000003                       000047
1                0416070035008       45730                    0004573099                                   101PED10212652104150000000047292041     08N140415090000000000001420000000000000000000000000000000000000000000000210685403000175G V DE BONA RESTAURANTE LTDA            AV UNISINOS 950                                0000093022000SAO LEOPOLDO   RS0000 000000000000003                       000048
1                0416070035008       45686                    0004568648                                   101PED34426590405150000000028263041     08N130415090000000000000850000000000000000000000000000000000000000000000214057410000183GOSTO DE FESTA LTDA ME                  RUA VISCONDE DE CAIRU 664                      0000093800000SAPIRANGA      RS0000 000000000000003                       000049
1                0416070035008       45738                    0004573838                                   101PED021420/2804150000000061260041     08N140415090000000000001840000000000000000000000000000000000000000000000217082606000116GISLAINE MILANI NADALON - ME            RUA PEDRO NUNES 43                             0000095630000PAROBE         RS0000 000000000000003                       000050
1                0416070035008       45797                    0004579798                                   101PED10212661804150000000021956041     08N150415090000000000000660000000000000000000000000000000000000000000000289978647000104GOSTO E SUMO LANCH LTDA                 RUA BENTO GONCALVES 2460                       0000093510000NOVO HAMBURGO  RS0000 000000000000003                       000051
1                0416070035008       45827                    0004582748                                   101PED36726602904150000000043949041     08N150415090000000000001320000000000000000000000000000000000000000000000205196645000165GALLAS MINIMERCADO LTDA                 RUA TRES COROAS 680                            0000095630000PAROBE         RS0000 000000000000003                       000052
1                0416070035008       45747                    0004574737                                   101PED10212662804150000000010909041     08N140415090000000000000330000000000000000000000000000000000000000000000210847403000124HOTEL LOCANDA LTDA                      WENDELINO HENRIQUE KLASER 35                   0000093334070NOVO HAMBURGO  RS0000 000000000000003                       000053
1                0416070035008       45780                    0004578058                                   101PED78826601205150000000017638041     08N140415090000000000000530000000000000000000000000000000000000000000000207783693000185HAAG E FILHOS LTDA                      RUA JOAO FRITSCH 911                           0000093700000CAMPO BOM      RS0000 000000000000003                       000054
1                0416070035008       45781                    0004578120                                   101PED78826601904150000000050675041     08N140415090000000000001520000000000000000000000000000000000000000000000219170920000186HOMEM RODRIGUES SUPERMERCADO            RUA ALFREDO KRUMENNAUER 282                    0000093700000CAMPO BOM      RS0000 000000000000003                       000055
1                0416070035008       45814                    0004581415                                   101PED34426600505150000000041653041     08N150415090000000000001250000000000000000000000000000000000000000000000213411796000117HELION CLAYTON CAMARGO LANCH            RUA VOLUNTARIOS DA PATRIA   445 445            0000093700000CAMPO BOM      RS0000 000000000000003                       000056
1                0416070035008       45816                    0004581660                                   101PED37526600605150000000057241041     08N150415090000000000001720000000000000000000000000000000000000000000000289891337000220HOSPITAL DE CARIDADE SAO ROQUE          RUA OSVALDO CRUZ 116                           0000093700000CAMPO BOM      RS0000 000000000000003                       000057
1                0416070035008       45709                    0004570936                                   101PED37526592704150000000022950041     08N140415090000000000000690000000000000000000000000000000000000000000000292401819000189INSTITUTO EVANGELICO JOVEM TRES COR     RUA JORGE AUGUSTO DREHER 50                    0000095660000TRES COROAS    RS0000 000000000000003                       000058
1                0416070035008       45693                    0004569393                                   101PED34426590405150000000018647041     08N130415090000000000000560000000000000000000000000000000000000000000000211047447000132ISABEL JORDANA DOS SANTOS SCHUKES       AV BRASIL 2412 SALA 19                         0000093700000CAMPO BOM      RS0000 000000000000003                       000059
1                0416070035008       45743                    0004574338                                   101PED021417/2104150000000041454041     08N140415090000000000001240000000000000000000000000000000000000000000000100089272722004IRACEMA STUM CAPONI                     RUA SAO LUIS 948                               0000093700000CAMPO BOM      RS0000 000000000000003                       000060
1                0416070035008       45725                    0004572599                                   101PED40626590505150000000038506041     08N140415090000000000001160000000000000000000000000000000000000000000000206043741000136IVANIR S DE A SCHMIDT                   RUA ERNESTO ANTONIA DE PAULA 1099              0000093800000SAPIRANGA      RS0000 000000000000003                       000061
1                0416070035008       45782                    0004578201                                   101PED34426592804150000000013922041     08N140415090000000000000420000000000000000000000000000000000000000000000211047447000213ISABEL JORDANA DOS SANTOS SCHUKES       AV PRESIDENTE VARGAS 30                        0000093700000CAMPO BOM      RS0000 000000000000003                       000062
1                0416070035008       45837                    0004583728                                   101PED10212661804150000000013795041     08N150415090000000000000410000000000000000000000000000000000000000000000220779008000105INCAFE COMERCIO DE PRODUTOS NATURAI     JOAQUIM PEDRO SOARES 657                       0000093510320NOVO HAMBURGO  RS0000 000000000000003                       000063
1                0416070035008       45829                    0004582993                                   101PED37526600605150000000027332041     08N150415090000000000000820000000000000000000000000000000000000000000000287115838000290INSTITUICAO ADVENTISTA SUL RIOGRAND     AV SEBASTIAO AMORETTI 2130                     0000095600000TAQUARA        RS0000 000000000000003                       000064
1                0416070035008       45786                    0004578619                                   101PED10222652904150000000008754041     08N150415090000000000000260000000000000000000000000000000000000000000000204274392000138INACIO DEWES                            RUA PARALELA CLOSS 0                           0000093995000SANTA MARIA DO RS0000 000000000000003                       000065
1                0416070035008       45799                    0004579941                                   101PED40626602904150000000018470041     08N150415090000000000000550000000000000000000000000000000000000000000000203056808000189IVANIR PEDROSO DOS SANTOS               RUA GONZAGUINHA 225                            0000093800000SAPIRANGA      RS0000 000000000000003                       000066
1                0416070035008       45741                    0004574168                                   101PED34426591904150000000018830041     08N140415090000000000000560000000000000000000000000000000000000000000000215346457000120JULIO CEZAR ELOY                        AV DOS MUNICIPIOS 2400                         0000093700000CAMPO BOM      RS0000 000000000000003                       000067
1                0416070035008       45724                    0004572424                                   101PED40626592104150000000050091041     08N140415090000000000001500000000000000000000000000000000000000000000000100000236371029JOSE MARIA PATRICIO DE ALMEIDA          RUA VITOR MATEUS TEIXEIRA 315                  0000093800000SAPIRANGA      RS0000 000000000000003                       000068
1                0416070035008       45723                    0004572343                                   101PED40626592104150000000050092041     08N140415090000000000001500000000000000000000000000000000000000000000000100000236371029JOSE MARIA PATRICIO DE ALMEIDA          RUA VITOR MATEUS TEIXEIRA 315                  0000093800000SAPIRANGA      RS0000 000000000000003                       000069
1                0416070035008       45722                    0004572262                                   101PED40626592104150000000050092041     08N140415090000000000001500000000000000000000000000000000000000000000000100000236371029JOSE MARIA PATRICIO DE ALMEIDA          RUA VITOR MATEUS TEIXEIRA 315                  0000093800000SAPIRANGA      RS0000 000000000000003                       000070
1                0416070035008       45739                    0004573900                                   101PED36726602004150000000105366041     08N140415090000000000003160000000000000000000000000000000000000000000000220937709000125JEISON MICHAEL DA SILVA                 ASSOCIACAO 119                                 0000095630000PAROBE         RS0000 000000000000003                       000071
1                0416070035008       45805                    0004580591                                   101PED78826602904150000000038936041     08N150415090000000000001170000000000000000000000000000000000000000000000291924316000125JOSE CARLOS KIRSCH                      RUA ANA NERI 84                                0000093890000NOVA HARTZ     RS0000 000000000000003                       000072
1                0416070035008       45806                    0004580672                                   101PED78826600605150000000038935041     08N150415090000000000001170000000000000000000000000000000000000000000000291924316000125JOSE CARLOS KIRSCH                      RUA ANA NERI 84                                0000093890000NOVA HARTZ     RS0000 000000000000003                       000073
1                0416070035008       45840                    0004584066                                   101PED78826602204150000000065723041     08N150415090000000000001970000000000000000000000000000000000000000000000211110289000118J J HENKEL E CIA LTDA                   RUA HENRIQUE HOFFMANN 1067                     0000093890000NOVA HARTZ     RS0000 000000000000003                       000074
1                0416070035008       45785                    0004578538                                   101PED10222652904150000000005787041     08N150415090000000000000170000000000000000000000000000000000000000000000212105005000168JR CLOSS COM DE ARTIGOS DE UNIFIRME     RUA 12 DE MAIO 38                              0000093995000SANTA MARIA DO RS0000 000000000000003                       000075
1                0416070035008       45773                    0004577396                                   101PED37526601704150000000010750041     08N140415090000000000000320000000000000000000000000000000000000000000000207702688000109KREUZ KAPPAUN COMERCIO ALIMENTOS LT     RUA HENRIQUE DIAS 143                          0000093900000IVOTI          RS0000 000000000000003                       000076
1                0416070035008       45758                    0004575806                                   101PED78826590505150000000047293041     08N140415090000000000001420000000000000000000000000000000000000000000000214896334000108KRAEMER COM DE ALIMENTOS LTDA           RUA JOAO LOURENCO 590                          0000093600000ESTANCIA VELHA RS0000 000000000000003                       000077
1                0416070035008       45694                    0004569474                                   101PED34426591105150000000057953041     08N130415090000000000001740000000000000000000000000000000000000000000000214029919000112LUANA LEITE ME                          AV 20 SETEMBRO 2185                            0000093800000SAPIRANGA      RS0000 000000000000003                       000078
1                0416070035008       45705                    0004570510                                   101PED021401/2004150000000025917041     08N140415090000000000000780000000000000000000000000000000000000000000000221357698000177L M MORAIS EMPREENDIMENTOS              RUA PAVOES 309                                 0000093800000SAPIRANGA      RS0000 000000000000003                       000079
1                0416070035008       45683                    0004568303                                   101PED36726592704150000000034389041     08N130415090000000000001030000000000000000000000000000000000000000000000289954697000143LOCATELLI BASEGIO  CONTE E SBARDELO     ROD EST RS 239 4523                            0000093800000SAPIRANGA      RS0000 000000000000003                       000080
1                0416070035008       45731                    0004573188                                   101PED36726590405150000000024348041     08N140415090000000000000730000000000000000000000000000000000000000000000100001702737098LUIS ANTONIO BERNARDI SHENKEL           RUA JOSE FERREIRA DE MATOS 201                 0000094000000PAROBE         RS0000 000000000000003                       000081
1                0416070035008       45734                    0004573412                                   101PED37526602804150000000016149041     08N140415090000000000000480000000000000000000000000000000000000000000000211433966000139L D N RESTAURANTE LTDA                  AV SEBASTIAO AMORETTI 3535                     0000095600000TAQUARA        RS0000 000000000000003                       000082
1                0416070035008       45770                    0004577051                                   101PED78826600505150000000044349041     08N140415090000000000001330000000000000000000000000000000000000000000000287344479000161LEIO U MOEHLECKE E CIA LTDA             RUA JOAO ALOYSIO ALGAYER 1185                  0000093490000NOVO HAMBURGO  RS0000 000000000000003                       000083
1                0416070035008       45749                    0004574990                                   101PED10222661704150000000010385041     08N140415090000000000000310000000000000000000000000000000000000000000000200788986000106LEOMAR IGNACIO PIES                     RUA ARTHUR AUGUSTO GERNHARDT 520               0000093900000IVOTI          RS0000 000000000000003                       000084
1                0416070035008       45820                    0004582098                                   101PED36726610605150000000027800041     08N150415090000000000000830000000000000000000000000000000000000000000000100001702737098LUIS ANTONIO BERNARDI SHENKEL           RUA JOSE FERREIRA DE MATOS 201                 0000094000000PAROBE         RS0000 000000000000003                       000085
1                0416070035008       45769                    0004576977                                   101PED40626602804150000000203526041     08N140415090000000000006110000000000000000000000000000000000000000000000221534989000193MOINHO PIZZARIA E EVENTOS LTDA-ME       AV SEBASTIAO AMORETI 1679                      0000095600000TAQUARA        RS0000 000000000000003                       000086
1                0416070035008       45721                    0004572181                                   101PED10192652104150000000013904041     08N140415090000000000000420000000000000000000000000000000000000000000000220376450000190MARIANI E CIA LTDA ME                   RUA BRASIL 2035                                0000095660000TRES COROAS    RS0000 000000000000003                       000087
1                0416070035008       45783                    0004578384                                   101PED10212662804150000000030731041     08N140415090000000000000920000000000000000000000000000000000000000000000216368500000110MCG COMERCIAL DE ALIMENTOS EIRELI       AV PEDRO ADAMS FILHO 6805                      0000093310003NOVO HAMBURGO  RS0000 000000000000003                       000088
1                0416070035008       45836                    0004583647                                   101PED40626601305150000000056764041     08N150415090000000000001700000000000000000000000000000000000000000000000209635042000173MERCADO D BOFF LTDA                     RUA DOM PEDRO I 35                             0000093800000SAPIRANGA      RS0000 000000000000003                       000089
1                0416070035008       45750                    0004575075                                   101PED78826592804150000000013560041     08N140415090000000000000410000000000000000000000000000000000000000000000207742713000170MINIMERCADO BOM SUCESSO LTDA            RUA SAO PAULO 190                              0000093600000ESTANCIA VELHA RS0000 000000000000003                       000090
1                0416070035008       45754                    0004575490                                   101PED78826592804150000000024698041     08N140415090000000000000740000000000000000000000000000000000000000000000206062876000149MERCADO MARFAEL LTDA                    RUA VICENTE JORGE DA SILVA 165                 0000093600000ESTANCIA VELHA RS0000 000000000000003                       000091
1                0416070035008       45789                    0004578953                                   101PED10222662904150000000011506041     08N150415090000000000000350000000000000000000000000000000000000000000000202376658000128MERCADO MORADA DO SOL LTDA              RUA ARTHUR AUGUSTO GERNHARDT 739               0000093900000IVOTI          RS0000 000000000000003                       000092
1                0416070035008       45819                    0004581903                                   101PED34426610605150000000039099041     08N150415090000000000001170000000000000000000000000000000000000000000000217637689000162MARA SILVANA DA SILVA                   RUA 9  / ITAIPU 63/300                         0000093700000CAMPO BOM      RS0000 000000000000003                       000093
1                0416070035008       45841                    0004584147                                   101PED78826601305150000000032181041     08N150415090000000000000970000000000000000000000000000000000000000000000209451661000299MARCOS EUGENIO GREVER - EPP             R OSVALDO ARANHA 304                           0000093890000NOVA HARTZ     RS0000 000000000000003                       000094
1                0416070035008       45824                    0004582403                                   101PED78826601305150000000014186041     08N150415090000000000000430000000000000000000000000000000000000000000000209451661000108MARCOS EUGENIO GREVER                   RUA INTEGRACAO 185                             0000093890000NOVA HARTZ     RS0000 000000000000003                       000095
1                0416070035008       45726                    0004572688                                   101PED10192652804150000000023953041     08N140415090000000000000720000000000000000000000000000000000000000000000289466601000106MARISA ELISA STRUTZKI                   RUA PLINIO SALGADO 10                          0000095650000IGREJINHA      RS0000 000000000000003                       000096
1                0416070035008       45802                    0004580265                                   101PED36726602904150000000033235041     08N150415090000000000001000000000000000000000000000000000000000000000000210550840000181MARISETE VERONESE SBARDELOTTO           RUA DA ESCOLA 125                              0000093890000NOVA HARTZ     RS0000 000000000000003                       000097
1                0416070035008       45803                    0004580346                                   101PED36726600605150000000033234041     08N150415090000000000001000000000000000000000000000000000000000000000000210550840000181MARISETE VERONESE SBARDELOTTO           RUA DA ESCOLA 125                              0000093890000NOVA HARTZ     RS0000 000000000000003                       000098
1                0416070035008       45787                    0004578791                                   101PED10222652104150000000025050041     08N150415090000000000000750000000000000000000000000000000000000000000000207211936000100MERCADO KIELING LTDA                    RUA REINALDO KIELING 45                        0000093990000MORRO REUTER   RS0000 000000000000003                       000099
1                0416070035008       45793                    0004579372                                   101PED10222652904150000000018975041     08N150415090000000000000570000000000000000000000000000000000000000000000202060324000140MINIMERCADO WALACHAI LTDA               EST GERAL DO WALACHAY 610                      0000093990000MORRO REUTER   RS0000 000000000000003                       000100
1                0416070035008       45795                    0004579526                                   101PED10222652904150000000025230041     08N150415090000000000000760000000000000000000000000000000000000000000000206166886000124MINIMERCADO HAUBERT LTDA - ME           RUA 25 DE JULHO 485                            0000093995000SANTA MARIA DO RS0000 000000000000003                       000101
1                0416070035008       45843                    0004584309                                   101PED10192662904150000000013276041     08N150415090000000000000400000000000000000000000000000000000000000000000212202841000160MERCADO ACOUGUE CAPELETTI LTDA          RUA PRESIDENTE JUSCELINO 421                   0000093800000SAPIRANGA      RS0000 000000000000003                       000102
1                0416070035008       45832                    0004583248                                   101PED34426602204150000000055879041     08N150415090000000000001680000000000000000000000000000000000000000000000218396965000100MAURELIO DOS SANTOS  ME                 RUA PRESIDENTE KENNEDY 952                     0000093800000SAPIRANGA      RS0000 000000000000003                       000103
1                0416070035008       45830                    0004583078                                   101PED10192662904150000000044388041     08N150415090000000000001330000000000000000000000000000000000000000000000292324052000131MERCADO PADARIA SANTA FE LTDA           RUA AFRANIO PEIXOTO 554                        0000093800000SAPIRANGA      RS0000 000000000000003                       000104
1                0416070035008       45774                    0004577477                                   101PED10192662404150000000017292041     08N140415090000000000000520000000000000000000000000000000000000000000000217686538000102MINIMERCADO E ACOUGUE MINOSSO LTDA      RUA EDWIN KUWER 732                            0000093800000SAPIRANGA      RS0000 000000000000003                       000105
1                0416070035008       45699                    0004569962                                   101PED40626592704150000000017461041     08N140415090000000000000520000000000000000000000000000000000000000000000219805441000199NATA JUNIOR OLIVEIRA DA SILVA ALIME     RUA ERMELINDO PEREIRA MARTINS 11               0000093800000SAPIRANGA      RS0000 000000000000003                       000106
1                0416070035008       45732                    0004573250                                   101PED37526602804150000000030750041     08N140415090000000000000920000000000000000000000000000000000000000000000291294827000100N R NUNES DA SILVA E CIA LTDA           ESTRADA RS 20 S/N KM 4 S/NUM                   0000095600000TAQUARA        RS0000 000000000000003                       000107
1                0416070035008       45791                    0004579119                                   101PED10222652904150000000022814041     08N150415090000000000000680000000000000000000000000000000000000000000000206021493000122NILMAR RANGEL DOS SANTOS                RUA 25 DE JULHO S/N                            0000093995000SANTA MARIA DO RS0000 000000000000003                       000108
1                0416070035008       45695                    0004569547                                   101PED10212650405150000000020237041     08N140415090000000000000610000000000000000000000000000000000000000000000210456447000123OLE ARMAZEM MEXICANO LTDA-ME            RUA SILVEIRA MARTINS 711                       0000093510310NOVO HAMBURGO  RS0000 000000000000003                       000109
1                0416070035008       45800                    0004580001                                   101PED10192662904150000000020571041     08N150415090000000000000620000000000000000000000000000000000000000000000204638911000108ODAIR DA COSTA LEITE                    RUA AIRTON SENNA DA SILVA 158                  0000093800000SAPIRANGA      RS0000 000000000000003                       000110
1                0416070035008       45766                    0004576632                                   101PED10192662804150000000024251041     08N140415090000000000000730000000000000000000000000000000000000000000000297053912000163OTAVIO MACIEL PADILHA                   RUA ELIS REGINA 56                             0000093800000SAPIRANGA      RS0000 000000000000003                       000111
1                0416070035008       45690                    0004569059                                   101PED36726592704150000000044376041     08N130415090000000000001330000000000000000000000000000000000000000000000209008192000157PONTO DE ALIMENTACAO KONRATH LTDA       RUA BERTHOLD KONRATH 370                       0000093700000CAMPO BOM      RS0000 000000000000003                       000112
1                0416070035008       45742                    0004574249                                   101PED34426602104150000000049796041     08N140415090000000000001490000000000000000000000000000000000000000000000274862079000104PAULO SOUZA RITTER                      RUA VICTOR HUGO KUNTZ 1982                     0000093534000NOVO HAMBURGO  RS0000 000000000000003                       000113
1                0416070035008       45681                    0004568141                                   101PED34426592704150000000025917041     08N130415090000000000000780000000000000000000000000000000000000000000000202505236000105PADARIA CONF. E LANC. 7 DE SETEMBRO     RUA MAJOR BENTO ALVES, 358                     0000093800000SAPIRANGA      RS0000 000000000000003                       000114
1                0416070035008       45838                    0004583809                                   101PED34426612904150000000021296041     08N150415090000000000000640000000000000000000000000000000000000000000000213397528000198PAULO C FINKLER                         RUA TOME PAZ 111                               0000093700000CAMPO BOM      RS0000 000000000000003                       000115
1                0416070035008       45755                    0004575563                                   101PED78826592804150000000043859041     08N140415090000000000001320000000000000000000000000000000000000000000000210559891000174PADARIA ACOUGUE MERC CHARDON LTDA       RUA BENJAMIN ALTMAYER 369                      0000093351100NOVO HAMBURGO  RS0000 000000000000003                       000116
1                0416070035008       45751                    0004575156                                   101PED10222662804150000000011438041     08N140415090000000000000340000000000000000000000000000000000000000000000210822293000146PADARIA E CONFEITARIA BROTHAUS LTDA     RUA ENG. REGIS BITENCOURT 1895                 0000093900000IVOTI          RS0000 000000000000003                       000117
1                0416070035008       45756                    0004575644                                   101PED78826592804150000000014218041     08N140415090000000000000430000000000000000000000000000000000000000000000208100496000187PADARIA CONF SCHARDONG LTDA             AV PRESIDENTE VARGAS 156                       0000093700000ESTANCIA VELHA RS0000 000000000000003                       000118
1                0416070035008       45701                    0004570103                                   101PED34426592104150000000028086041     08N140415090000000000000840000000000000000000000000000000000000000000000210810140000189RESTAURANTE EWALD LTDA                  RUA DUQUE CAXIAS 781                           0000093800000SAPIRANGA      RS0000 000000000000003                       000119
1                0416070035008       45718                    0004571843                                   101PED37526592104150000000013700041     08N140415090000000000000410000000000000000000000000000000000000000000000210476128000180R E M LANCHES LTDA                      RUA JOAO MOSMANN 383                           0000095630000PAROBE         RS0000 000000000000003                       000120
1                0416070035008       45839                    0004583981                                   101PED34426612204150000000065097041     08N150415090000000000001950000000000000000000000000000000000000000000000207150413000100RUDIMAR HAHN                            RUA ICARO 163                                  0000093544020NOVO HAMBURGO  RS0000 000000000000003                       000121
1                0416070035008       45775                    0004577558                                   101PED37526602104150000000011622041     08N140415090000000000000350000000000000000000000000000000000000000000000221103121000139RESTAURANTE PORTAL DA SERRA LTDA -      ESTRADA BR 116, 620                            0000093950000DOIS IRMAOS    RS0000 000000000000003                       000122
1                0416070035008       45760                    0004576063                                   101PED10222652704150000000017755041     08N140415090000000000000530000000000000000000000000000000000000000000000204382148000199RESTAURANTE MALLMANN LTDA               12 DE MAIO 339                                 0000093995000SANTA MARIA DO RS0000 000000000000003                       000123
1                0416070035008       45736                    0004573668                                   101PED10192652104150000000012312041     08N140415090000000000000370000000000000000000000000000000000000000000000273795478000129SUPERMERCADO WERLANG LTDA               RUA JACO AUGUSTO KOETZ 175                     0000095650000IGREJINHA      RS0000 000000000000003                       000124
1                0416070035008       45708                    0004570855                                   101PED10192652704150000000010470041     08N140415090000000000000310000000000000000000000000000000000000000000000218387256000169SERGIO A R DE SOUZA                     RUA DAS PEDREIRAS 463                          0000095650000IGREJINHA      RS0000 000000000000003                       000125
1                0416070035008       45715                    0004571509                                   101PED10192650405150000000018122041     08N140415090000000000000540000000000000000000000000000000000000000000000210704493000102SUPERMERCADO VITORIA MELLO LTDA         AV FERNANDO FERRARI 640                        0000095650000TRES COROAS    RS0000 000000000000003                       000126
1                0416070035008       45703                    0004570367                                   101PED37526592804150000000044129041     08N140415090000000000001320000000000000000000000000000000000000000000000297279350000170SOCIEDADE BENEFICIENTE SAPIRANGUENS     RUA GETULIO VARGAS 597                         0000093800000SAPIRANGA      RS0000 000000000000003                       000127
1                0416070035008       45702                    0004570286                                   101PED40626590505150000000076928041     08N140415090000000000002310000000000000000000000000000000000000000000000203303068000138SILVIA ADRIANA MOREIRA DE ALMEIDA M     RUA DUQUE DE CAXIAS 1328                       0000093800000SAPIRANGA      RS0000 000000000000003                       000128
1                0416070035008       45716                    0004571681                                   101PED40626590405150000000078876041     08N140415090000000000002370000000000000000000000000000000000000000000000208111611000119SIRLEI BRIZOLLA DE OLIVEIRA             RUA OSVALDO ARANHA 1220                        0000095660000TAQUARA        RS0000 000000000000003                       000129
1                0416070035008       45744                    0004574400                                   101PED78826601205150000000087218041     08N140415090000000000002620000000000000000000000000000000000000000000000205753092000102SUPERMERCADO INDEPENDENCIA LTDA         RUA INDEPENDENCIA 1151                         0000093700000CAMPO BOM      RS0000 000000000000003                       000130
1                0416070035008       45810                    0004581091                                   101PED40626602804150000000031470041     08N150415090000000000000940000000000000000000000000000000000000000000000210871678000101SUPERMERCADO FREITAS LTDA               RUA DR DECIO G.PEREIRA 45                      0000093800000SAPIRANGA      RS0000 000000000000003                       000131
1                0416070035008       45788                    0004578872                                   101PED78826592904150000000041918041     08N150415090000000000001260000000000000000000000000000000000000000000000218313024000166SANDRA F.TORMES DOS SANTOS              RUA PITANGA 03                                 0000093600000ESTANCIA VELHA RS0000 000000000000003                       000132
1                0416070035008       45733                    0004573331                                   101PED36726600505150000000044331041     08N140415090000000000001330000000000000000000000000000000000000000000000219056661000167SOUZA E FORSTER LTDA                    RUA DA BICA 544                                0000093890000NOVA HARTZ     RS0000 000000000000003                       000133
1                0416070035008       45777                    0004577701                                   101PED10222652804150000000042171041     08N140415090000000000001270000000000000000000000000000000000000000000000203647571000100SUPERMERCADO KUNST LTDA                 RUA 12 DE MAIO 293                             0000093915000SANTA MARIA DO RS0000 000000000000003                       000134
1                0416070035008       45815                    0004581598                                   101PED10192660605150000000025575041     08N150415090000000000000770000000000000000000000000000000000000000000000203776866000187SENSACOES MINIMERCADO LTDA              RUA TIRADENTES 701 SALA 02                     0000093800000SAPIRANGA      RS0000 000000000000003                       000135
1                0416070035008       45691                    0004569148                                   101PED34426591105150000000032184041     08N130415090000000000000970000000000000000000000000000000000000000000000202085032000162TEREZINHA APARECIDA KUMM                RUA ESPERANCA 33                               0000093800000SAPIRANGA      RS0000 000000000000003                       000136
1                0416070035008       45697                    0004569709                                   101PED40626590505150000000045746041     08N140415090000000000001370000000000000000000000000000000000000000000000214602888000147TATI TAISA SUPERMERCADOS LTDA           RUA ERNESTO ANTONIA DE PAULA 800               0000093800000SAPIRANGA      RS0000 000000000000003                       000137
1                0416070035008       45809                    0004580915                                   101PED40626602904150000000023638041     08N150415090000000000000710000000000000000000000000000000000000000000000220601596000192TAINARA FERNANDA DA SILVA ME            RUA RUBEM DANILO GERHARDT 301                  0000093800000SAPIRANGA      RS0000 000000000000003                       000138
1                0416070035008       45768                    0004576896                                   101PED10192662804150000000014143041     08N140415090000000000000420000000000000000000000000000000000000000000000207661055000191TEREZINHA DOS SANTOS MINIMERCADO        RUA TENENTE PINHEIRO 330                       0000093800000SAPIRANGA      RS0000 000000000000003                       000139
1                0416070035008       45688                    0004568893                                   101PED37526591105150000000050949041     08N130415090000000000001530000000000000000000000000000000000000000000000210567794000123VIVIAN BECKER                           RUA SANTO INACIO DE LOIOLA 20                  0000093700000CAMPO BOM      RS0000 000000000000003                       000140
1                0416070035008       45740                    0004574087                                   101PED37526592804150000000016491041     08N140415090000000000000490000000000000000000000000000000000000000000000292728716000128VANDERLEI MENDES DE OLIVEIRA            RUA GUILHERME LAHM 1374                        0000095600000TAQUARA        RS0000 000000000000003                       000141
1                0416070035008       45811                    0004581172                                   101PED40626610605150000000070171041     08N150415090000000000002110000000000000000000000000000000000000000000000209005045000123VALQUIRIA F SABADINI EIRELI             RUA PRESIDENTE KENNEDY 1691                    0000093800000SAPIRANGA      RS0000 000000000000003                       000142
1                0416070035008       45812                    0004581253                                   101PED10192662804150000000065564041     08N150415090000000000001970000000000000000000000000000000000000000000000202357083000104VALDECI SANTOS DA CONCEICAO             RUA PRESIDENTE KENNEDY 2022                    0000093800000SAPIRANGA      RS0000 000000000000003                       000143
9                          0000004933040                                                                                                                                                                                                                                                                                                                                                                  000144
