01REMESSA                 0416070035008       DISTRIBUIDORA DE ALIMENTOS BIL041BANRISUL       170415                                                                                                                                                                                                                                                                                                      000001
1                0416070035008       45366                    0004536622                                   101PED10212652004150000000022676041     08N060415090000000000000680000000000000000000000000000000000000000000000218109628000195ARM DO SABOR RESTAURANTE E EVENTOS      VICTOR HUGO KUNZ 790                           0000093510150NOVO HAMBURGO  RS0000 000000000000003                       000002
1                0416070035008       45402                    0004540255                                   101PED10192642304150000000008970041     08N070415090000000000000270000000000000000000000000000000000000000000000287369799000176ASSOCIACAO BENEF IGREJINHA MANT HOS     RUA EDMUNDO LAUFFER 351                        0000095650000IGREJINHA      RS0000 000000000000003                       000003
1                0416070035008       45397                    0004539788                                   101PED10192652004150000000012339041     08N070415090000000000000370000000000000000000000000000000000000000000000219078800000153A DA SILVA SUPERMERCADO                 R XV DE NOVEMBRO 785                           0000095660000TRES COROAS    RS0000 000000000000003                       000004
1                0416070035008       45871                    0004587111                                   101PED40626610605150000000031210041     08N150415090000000000000940000000000000000000000000000000000000000000000210448285000181ADAIR CARVALHO                          AV 20 DE SETEMBRO 7420                         0000093800000SAPIRANGA      RS0000 000000000000003                       000005
1                0416070035008       45874                    0004587456                                   101PED021447/0605150000000007082041     08N150415090000000000000210000000000000000000000000000000000000000000000205656507000111ALAN JONAS RABELLO                      RUA SETE SETEMBRO 321                          0000093800000SAPIRANGA      RS0000 000000000000003                       000006
1                0416070035008       45903                    0004590325                                   101PED10192662304150000000011064041     08N160415090000000000000330000000000000000000000000000000000000000000000218051996000472ABASTECEDORA DE COMBUSTIVEIS UNION      RUA JOSE APOLONIO COSTA 2160                   0000093880000ARARICA        RS0000 000000000000003                       000007
1                0416070035008       45849                    0004584988                                   101PED10192650405150000000007475041     08N150415090000000000000220000000000000000000000000000000000000000000000287369799000176ASSOCIACAO BENEF IGREJINHA MANT HOS     RUA EDMUNDO LAUFFER 351                        0000095650000IGREJINHA      RS0000 000000000000003                       000008
1                0416070035008       45867                    0004586794                                   101PED37526611305150000000025602041     08N150415090000000000000770000000000000000000000000000000000000000000000288625686000823ASSOCIACAO EDUCADORA SAO CARLOS         RUA EMILIO L ESTEVES 1042                      0000095600000TAQUARA        RS0000 000000000000003                       000009
1                0416070035008       45913                    0004591313                                   101PED34426610705150000000021300041     08N160415090000000000000640000000000000000000000000000000000000000000000213646143000117AILTON LOURENCO                         RUA OTTO SCHNARDIE 288                         0000093546617NOVO HAMBURGO  RS0000 000000000000003                       000010
1                0416070035008       45852                    0004585216                                   101PED10192660605150000000077400041     08N150415090000000000002320000000000000000000000000000000000000000000000207132264000148COM DE ALIMENTOS VINTE SETEMBRO LTD     AVENIDA 20 SETEMBRO 8021                       0000093800000SAPIRANGA      RS0000 000000000000003                       000011
1                0416070035008       45881                    0004588118                                   101PED10212660705150000000099552041     08N160415090000000000002990000000000000000000000000000000000000000000000287209847000169CHURRASCARIA PRIMAVERA                  ROD BR 116 2554                                0000093340240NOVO HAMBURGO  RS0000 000000000000003                       000012
1                0416070035008       45378                    0004537874                                   101PED37526521404150000000044368041     08N070415090000000000001330000000000000000000000000000000000000000000000218173962000108DEISE S NOGUEIRA SERBA                  RUA XV DE NOVEMBRO 275                         0000093700000CAMPO BOM      RS0000 000000000000003                       000013
1                0416070035008       45906                    0004590651                                   101PED10192662304150000000019421041     08N160415090000000000000580000000000000000000000000000000000000000000000221443335000154DOUGLAS RAFAEL TASCHETTO                RUA CEL  GENUINO SAMPAIO 412                   0000093800000SAPIRANGA      RS0000 000000000000003                       000014
1                0416070035008       45882                    0004588282                                   101PED34426613004150000000043866041     08N160415090000000000001320000000000000000000000000000000000000000000000218334776000103DEVOTO SUPERMERCADO LTDA                AV EMILIO VETTER 482                           0000093700000CAMPO BOM      RS0000 000000000000003                       000015
1                0416070035008       45356                    0004535634                                   101PED34426522004150000000036917041     08N060415090000000000001110000000000000000000000000000000000000000000000213476943000137ELENICE HAAG DA SILVA                   RUA RAMIRO BARCELOS 275                        0000093800000SAPIRANGA      RS0000 000000000000003                       000016
1                0416070035008       45860                    0004586042                                   101PED021451/2204150000000017586041     08N150415090000000000000530000000000000000000000000000000000000000000000100066549760020ELOIDES DA SILVA LOCADIO                RUA RUBENS REINALDO KLEIN 51                   0000093800000SAPIRANGA      RS0000 000000000000003                       000017
1                0416070035008       45851                    0004585135                                   101PED36726612904150000000010450041     08N150415090000000000000310000000000000000000000000000000000000000000000100054457319015EVA NOECI BRAGA DE ABREU                RUA CEL JOAO CORREA 665                        0000095630000PAROBE         RS0000 000000000000003                       000018
1                0416070035008       45914                    0004591496                                   101PED34426612104150000000072291041     08N160415090000000000002170000000000000000000000000000000000000000000000100081349394068EGNEZ DE OLIVEIRA ANDRADE               RUA SILVIO CRISTMANN 1765                      0000093544030NOVO HAMBURGO  RS0000 000000000000003                       000019
1                0416070035008       45847                    0004584716                                   101PED34426612504150000000033683041     08N150415090000000000001010000000000000000000000000000000000000000000000221215375000149E S RIEFEL MERCADO ME                   RUA JOSE DE ANCHIETA 170                       0000093700000CAMPO BOM      RS0000 000000000000003                       000020
1                0416070035008       45869                    0004586956                                   101PED36726612204150000000021380041     08N150415090000000000000640000000000000000000000000000000000000000000000204391281000101GUIOMAR ANTUNES DO NASCIMENTO           AV TAQUARA 1853                                0000095630000PAROBE         RS0000 000000000000003                       000021
1                0416070035008       45877                    0004587782                                   101PED37526612304150000000024586041     08N160415090000000000000740000000000000000000000000000000000000000000000208672976000112GUINITI FABIULA NASCIMENTO              AV JOAO CORREA 232                             0000095660000TRES COROAS    RS0000 000000000000003                       000022
1                0416070035008       45905                    0004590570                                   101PED021461/3004150000000035568041     08N160415090000000000001070000000000000000000000000000000000000000000000210211963000198GALETO FAMIGLIA STAPASOLLA LTDA         RUA BENJAMIN CONSTANT 171                      0000093310110NOVO HAMBURGO  RS0000 000000000000003                       000023
1                0416070035008       45888                    0004588851                                   101PED78826611305150000000042974041     08N160415090000000000001290000000000000000000000000000000000000000000000287824108000187GLADIS MARIA KAHL FISCHBORN             ESTRADA RS 20   KM 29 15739                    0000095600000TAQUARA        RS0000 000000000000003                       000024
1                0416070035008       45884                    0004588444                                   101PED10192663004150000000041590041     08N160415090000000000001250000000000000000000000000000000000000000000000287771960000133HOTEL DA 20 LTDA                        AV 20 SETEMBRO 4882                            0000093800000SAPIRANGA      RS0000 000000000000003                       000025
1                0416070035008       45911                    0004591151                                   101PED10192662304150000000012131041     08N160415090000000000000360000000000000000000000000000000000000000000000100051896044034IRANI DUARTE                            RUA DON FELICIANO 1803                         0000093880000ARARICA        RS0000 000000000000003                       000026
1                0416070035008       45879                    0004587944                                   101PED34426613004150000000006154041     08N160415090000000000000180000000000000000000000000000000000000000000000211047447000132ISABEL JORDANA DOS SANTOS SCHUKES       AV BRASIL 2412 SALA 19                         0000093700000CAMPO BOM      RS0000 000000000000003                       000027
1                0416070035008       45850                    0004585054                                   101PED34426610605150000000015814041     08N150415090000000000000470000000000000000000000000000000000000000000000211047447000132ISABEL JORDANA DOS SANTOS SCHUKES       AV BRASIL 2412 SALA 19                         0000093700000CAMPO BOM      RS0000 000000000000003                       000028
1                0416070035008       45400                    0004540093                                   101PED10192651304150000000010292041     08N070415090000000000000310000000000000000000000000000000000000000000000217070910000143JOSE ADILSON PEREIRA E CIA. LTDA. -     R BRASIL 2660                                  0000095660000TRES COROAS    RS0000 000000000000003                       000029
1                0416070035008       45387                    0004538781                                   101PED40626531404150000000052437041     08N070415090000000000001570000000000000000000000000000000000000000000000100000236371029JOSE MARIA PATRICIO DE ALMEIDA          RUA VITOR MATEUS TEIXEIRA 315                  0000093800000SAPIRANGA      RS0000 000000000000003                       000030
1                0416070035008       45388                    0004538862                                   101PED40626531404150000000052437041     08N070415090000000000001570000000000000000000000000000000000000000000000100000236371029JOSE MARIA PATRICIO DE ALMEIDA          RUA VITOR MATEUS TEIXEIRA 315                  0000093800000SAPIRANGA      RS0000 000000000000003                       000031
1                0416070035008       45876                    0004587618                                   101PED10192652304150000000015391041     08N160415090000000000000460000000000000000000000000000000000000000000000217070910000143JOSE ADILSON PEREIRA E CIA. LTDA. -     R BRASIL 2660                                  0000095660000TRES COROAS    RS0000 000000000000003                       000032
1                0416070035008       45962                    0004596285                                   101PED34426612404150000000012406041     08N170415090000000000000370000000000000000000000000000000000000000000000208475095000101J O M POINT.. LANCHES LTDA              RUA TUPINAMBA 101                              0000093310220NOVO HAMBURGO  RS0000 000000000000003                       000033
1                0416070035008       45858                    0004585887                                   101PED36726610605150000000038223041     08N150415090000000000001150000000000000000000000000000000000000000000000208488666000142JAQUELINE LEAL NUNES MINIMERCADO        RUA COLUMBIA 1077                              0000093542090NOVO HAMBURGO  RS0000 000000000000003                       000034
1                0416070035008       45861                    0004586123                                   101PED78826610605150000000029720041     08N150415090000000000000890000000000000000000000000000000000000000000000297759526000191JORGE LUIZ MOLLER E CIA LTDA            ESTRADA RS 20 PARADA 120 S/N                   0000095600000TAQUARA        RS0000 000000000000003                       000035
1                0416070035008       45894                    0004589432                                   101PED78826612304150000000041136041     08N160415090000000000001230000000000000000000000000000000000000000000000100055719627049JUCARA MARIA DA SILVA ROCHA             ESTRADA INTEGRACAO 10280                       0000095600000TAQUARA        RS0000 000000000000003                       000036
1                0416070035008       45889                    0004588932                                   101PED021458/3004150000000010448041     08N160415090000000000000310000000000000000000000000000000000000000000000206788802000194LASIER M SCHUNKE                        RUA JUPITER 74                                 0000093800000SAPIRANGA      RS0000 000000000000003                       000037
1                0416070035008       45916                    0004591658                                   101PED40626622204150000000020000041     08N160415090000000000000600000000000000000000000000000000000000000000000221357698000177L M MORAIS EMPREENDIMENTOS              RUA PAVOES 309                                 0000093800000SAPIRANGA      RS0000 000000000000003                       000038
1                0416070035008       45915                    0004591569                                   101PED34426621405150000000037058041     08N160415090000000000001110000000000000000000000000000000000000000000000214029919000112LUANA LEITE ME                          AV 20 SETEMBRO 2185                            0000093800000SAPIRANGA      RS0000 000000000000003                       000039
1                0416070035008       45904                    0004590406                                   101PED10192660705150000000011224041     08N160415090000000000000340000000000000000000000000000000000000000000000215071883000106LURDES LARA                             RUA ORIANE 505                                 0000093880000ARARICA        RS0000 000000000000003                       000040
1                0416070035008       45966                    0004596692                                   101PED021510/2404150000000013828041     08N170415090000000000000410000000000000000000000000000000000000000000000291191296000120LANCHONETE PONTO CERTO LTDA             RUA BENTO GONCALVES 4119                       0000093520000NOVO HAMBURGO  RS0000 000000000000003                       000041
1                0416070035008       45870                    0004587030                                   101PED40626612204150000000011221041     08N150415090000000000000340000000000000000000000000000000000000000000000218840415000139LISETE TEREZINHA ABDU                   MIGUEL BAUER 2026                              0000095600000TAQUARA        RS0000 000000000000003                       000042
1                0416070035008       45880                    0004588029                                   101PED34426610705150000000075380041     08N160415090000000000002260000000000000000000000000000000000000000000000212871022000106LANCHES KALUX LTDA                      RUA ICARO 808                                  0000093544020NOVO HAMBURGO  RS0000 000000000000003                       000043
1                0416070035008       45403                    0004540336                                   101PED10192651704150000000014870041     08N070415090000000000000450000000000000000000000000000000000000000000000218422765000185MERCADO JEJ LTDA                        RUA THEOBALDO GUILHERME LANZ 478               0000095650000IGREJINHA      RS0000 000000000000003                       000044
1                0416070035008       45404                    0004540417                                   101PED10192651404150000000022329041     08N070415090000000000000670000000000000000000000000000000000000000000000220376450000190MARIANI E CIA LTDA ME                   RUA BRASIL 2035                                0000095660000TRES COROAS    RS0000 000000000000003                       000045
1                0416070035008       45376                    0004537610                                   101PED34426522804150000000036325041     08N070415090000000000001090000000000000000000000000000000000000000000000217637689000162MARA SILVANA DA SILVA                   RUA 9  / ITAIPU 63/300                         0000093700000CAMPO BOM      RS0000 000000000000003                       000046
1                0416070035008       45909                    0004590996                                   101PED36726620705150000000041648041     08N160415090000000000001250000000000000000000000000000000000000000000000219740155000192MARLUCE KREWER DIEL                     AV JOAO CORREA 1563                            0000093800000SAPIRANGA      RS0000 000000000000003                       000047
1                0416070035008       45912                    0004591232                                   101PED10222663004150000000027144041     08N160415090000000000000810000000000000000000000000000000000000000000000202376658000128MERCADO MORADA DO SOL LTDA              RUA ARTHUR AUGUSTO GERNHARDT 739               0000093900000IVOTI          RS0000 000000000000003                       000048
1                0416070035008       45883                    0004588363                                   101PED10212663004150000000043146041     08N160415090000000000001290000000000000000000000000000000000000000000000216368500000110MCG COMERCIAL DE ALIMENTOS EIRELI       AV PEDRO ADAMS FILHO 6805                      0000093310003NOVO HAMBURGO  RS0000 000000000000003                       000049
1                0416070035008       45887                    0004588770                                   101PED78826612304150000000055850041     08N160415090000000000001680000000000000000000000000000000000000000000000217302327000110MERCADO ACOUGUE FREGUESIAS MUNDO NO     RUA SANTOS DUMOND 62                           0000095600000TAQUARA        RS0000 000000000000003                       000050
1                0416070035008       45885                    0004588517                                   101PED78826613004150000000057985041     08N160415090000000000001740000000000000000000000000000000000000000000000207967388000143M FISCHBORN E CIA LTDA                  ESTRADA RS 20 KM 37 KM 37                      0000095600000TAQUARA        RS0000 000000000000003                       000051
1                0416070035008       45886                    0004588606                                   101PED78826610705150000000057985041     08N160415090000000000001740000000000000000000000000000000000000000000000207967388000143M FISCHBORN E CIA LTDA                  ESTRADA RS 20 KM 37 KM 37                      0000095600000TAQUARA        RS0000 000000000000003                       000052
1                0416070035008       45862                    0004586204                                   101PED78826610605150000000057098041     08N150415090000000000001710000000000000000000000000000000000000000000000220534010000114MERCADO SARMENTO RENCK LTDA - ME        ROD RS 020 25829                               0000095600000TAQUARA        RS0000 000000000000003                       000053
1                0416070035008       45899                    0004589920                                   101PED37526610705150000000116736041     08N160415090000000000003500000000000000000000000000000000000000000000000210193153000156MARTINS FILERENO LANCHES LTDA           RUA PINHEIRO MACHADO 1453                      0000095600000TAQUARA        RS0000 000000000000003                       000054
1                0416070035008       45893                    0004589351                                   101PED40626610705150000000103713041     08N160415090000000000003110000000000000000000000000000000000000000000000207652137000170MAICON ERNANI VALANDRO                  RUA EMPRESA 1064                               0000095600000TAQUARA        RS0000 000000000000003                       000055
1                0416070035008       45907                    0004590732                                   101PED78826613004150000000061861041     08N160415090000000000001860000000000000000000000000000000000000000000000204297765000196MARIA GECI DO ROSARIO ARTEIRO           ESTRADA INTEGRACAO 5142                        0000095600000TAQUARA        RS0000 000000000000003                       000056
1                0416070035008       45908                    0004590813                                   101PED78826610705150000000073997041     08N160415090000000000002220000000000000000000000000000000000000000000000210840095000105MERCADO COSTA E NEVES LTDA              ESTRADA PEGA FOGO BAIXO 2619                   0000095600000TAQUARA        RS0000 000000000000003                       000057
1                0416070035008       45377                    0004537793                                   101PED36726522004150000000053415041     08N070415090000000000001600000000000000000000000000000000000000000000000209008192000157PONTO DE ALIMENTACAO KONRATH LTDA       RUA BERTHOLD KONRATH 370                       0000093700000CAMPO BOM      RS0000 000000000000003                       000058
1                0416070035008       45896                    0004589688                                   101PED37526612904150000000010050041     08N160415090000000000000300000000000000000000000000000000000000000000000211057158000114PIZZARIA EVANIO ERICA LTDA              RUA QUINTINO BOCAIUVA 182                      0000093800000SAPIRANGA      RS0000 000000000000003                       000059
1                0416070035008       45897                    0004589769                                   101PED34426621405150000000074388041     08N160415090000000000002230000000000000000000000000000000000000000000000209512297000149PADARIA CONF NONNA ROMANA LTDA          RUA CARLOS BIEHL 79                            0000093800000SAPIRANGA      RS0000 000000000000003                       000060
1                0416070035008       45859                    0004585968                                   101PED40626612204150000000070746041     08N150415090000000000002120000000000000000000000000000000000000000000000208757565000120PADARIA E CONFEITARIA JACKSON DA RO     AV SEBASTIAO AMORETTI 3695                     0000095600000TAQUARA        RS0000 000000000000003                       000061
1                0416070035008       45878                    0004587863                                   101PED36726613004150000000022822041     08N160415090000000000000680000000000000000000000000000000000000000000000209008192000157PONTO DE ALIMENTACAO KONRATH LTDA       RUA BERTHOLD KONRATH 370                       0000093700000CAMPO BOM      RS0000 000000000000003                       000062
1                0416070035008       45848                    0004584899                                   101PED34426611804150000000014441041     08N150415090000000000000430000000000000000000000000000000000000000000000100066754313072PATRICIA REGIANE DE OLIVEIRA            RUA QUIRINAL 154                               0000093542360NOVO HAMBURGO  RS0000 000000000000003                       000063
1                0416070035008       45855                    0004585542                                   101PED37526602104150000000040000041     08N150415090000000000001200000000000000000000000000000000000000000000000216367850000162RESTAURANTE ROTA DA SERRA LTDA          RUA TANCREDO NEVES 5500                        0000096550000IGREJINHA      RS0000 000000000000003                       000064
1                0416070035008       45398                    0004539850                                   101PED10192652704150000000011198041     08N070415090000000000000340000000000000000000000000000000000000000000000210704493000102SUPERMERCADO VITORIA MELLO LTDA         AV FERNANDO FERRARI 640                        0000095650000TRES COROAS    RS0000 000000000000003                       000065
1                0416070035008       45389                    0004538943                                   101PED10192652804150000000016769041     08N070415090000000000000500000000000000000000000000000000000000000000000203776866000187SENSACOES MINIMERCADO LTDA              RUA TIRADENTES 701 SALA 02                     0000093800000SAPIRANGA      RS0000 000000000000003                       000066
1                0416070035008       45357                    0004535715                                   101PED34426522004150000000244749041     08N060415090000000000007340000000000000000000000000000000000000000000000208287683000111SALETE IND COM DOCES SALGADOS LTDA      RUA GEN FLORES CUNHA 674                       0000093800000SAPIRANGA      RS0000 000000000000003                       000067
1                0416070035008       45892                    0004589270                                   101PED10192663004150000000035868041     08N160415090000000000001080000000000000000000000000000000000000000000000273961401000181S T COML DE ALIMENTOS LTDA              RUA SAO JACO 1246                              0000093800000SAPIRANGA      RS0000 000000000000003                       000068
1                0416070035008       45891                    0004589106                                   101PED10192661804150000000017069041     08N160415090000000000000510000000000000000000000000000000000000000000000100002233414012SERGIO EZEQUIEL LOPES DE OLIVEIRA       RUA SAO JACO 1187                              0000093800000SAPIRANGA      RS0000 000000000000003                       000069
1                0416070035008       45875                    0004587529                                   101PED10192662304150000000016014041     08N160415090000000000000480000000000000000000000000000000000000000000000211991405000155S S J MERCADO ACOUGUE LTDA              RUA ROCHA POMBO 275                            0000093800000SAPIRANGA      RS0000 000000000000003                       000070
1                0416070035008       45902                    0004590244                                   101PED10192663004150000000021555041     08N160415090000000000000650000000000000000000000000000000000000000000000291618108000360SEBASTIAO DE BARROS - EPP               R JULIO KONRATH 635                            0000093880000ARARICA        RS0000 000000000000003                       000071
1                0416070035008       45890                    0004589017                                   101PED78826603004150000000031861041     08N160415090000000000000960000000000000000000000000000000000000000000000209512846000185SUPERMERCADO SADYNE LTDA                RUA HENRIQUE HOFFMANN 2665                     0000093890000NOVA HARTZ     RS0000 000000000000003                       000072
1                0416070035008       45866                    0004586611                                   101PED40626610605150000000124800041     08N150415090000000000003740000000000000000000000000000000000000000000000208111611000119SIRLEI BRIZOLLA DE OLIVEIRA             RUA OSVALDO ARANHA 1220                        0000095660000TAQUARA        RS0000 000000000000003                       000073
1                0416070035008       45413                    0004541324                                   101PED10192652104150000000043652041     08N070415090000000000001310000000000000000000000000000000000000000000000100089529596049VALMIR SANTOS BUENO                     RUA MAL ASTHUR DA COSTA E SILVA 96             0000095650000IGREJINHA      RS0000 000000000000003                       000074
1                0416070035008       45898                    0004589858                                   101PED40626623004150000000029414041     08N160415090000000000000880000000000000000000000000000000000000000000000201373337000107VALDECIR FLOR                           RUA TAMBURELO 582                              0000093800000SAPIRANGA      RS0000 000000000000003                       000075
1                0416070035008       45873                    0004587375                                   101PED10192662204150000000026158041     08N150415090000000000000780000000000000000000000000000000000000000000000214413964000176VANDRA ELENA VINQUES DOS SANTOS         RUA UBERABA 145                                0000093800000SAPIRANGA      RS0000 000000000000003                       000076
1                0416070035008       45856                    0004585623                                   101PED10192662904150000000010794041     08N150415090000000000000320000000000000000000000000000000000000000000000100089529596049VALMIR SANTOS BUENO                     RUA MAL ASTHUR DA COSTA E SILVA 96             0000095650000IGREJINHA      RS0000 000000000000003                       000077
9                          0000002921100                                                                                                                                                                                                                                                                                                                                                                  000078
