01REMESSA                 0416070035008       DISTRIBUIDORA DE ALIMENTOS BIL041BANRISUL       200415                                                                                                                                                                                                                                                                                                      000001
1                0416070035008       45963                    0004596366                                   101PED021508/0805150000000070277041     08N170415090000000000002110000000000000000000000000000000000000000000000205656507000111ALAN JONAS RABELLO                      RUA SETE SETEMBRO 321                          0000093800000SAPIRANGA      RS0000 000000000000003                       000002
1                0416070035008       45955                    0004595521                                   101PED021491/1505150000000011841041     08N170415090000000000000360000000000000000000000000000000000000000000000291681361000368ASSOCIACAO CONGRECACAO SANTA CATARI     AV MAURICIO CARDOSO 711                        0000093510250NOVO HAMBURGO  RS0000 000000000000003                       000003
1                0416070035008       45954                    0004595459                                   101PED021492/1505150000000013868041     08N170415090000000000000420000000000000000000000000000000000000000000000291681361000368ASSOCIACAO CONGRECACAO SANTA CATARI     AV MAURICIO CARDOSO 711                        0000093510250NOVO HAMBURGO  RS0000 000000000000003                       000004
1                0416070035008       45940                    0004594045                                   101PED10222662404150000000022545041     08N170415090000000000000680000000000000000000000000000000000000000000000208934830000106AIRTON LUIZ MARTINS                     RUA HUGO A  DA SILVA 06                        0000093180000PORTAO         RS0000 000000000000003                       000005
1                0416070035008       45930                    0004593057                                   101PED36726620705150000000016843041     08N160415090000000000000510000000000000000000000000000000000000000000000294686292000101COM DE ALIMENTOS WERNER LTDA            AV SAO LEOPOLDO 1641                           0000093700000CAMPO BOM      RS0000 000000000000003                       000006
1                0416070035008       45947                    0004594797                                   101PED10192662304150000000010206041     08N170415090000000000000310000000000000000000000000000000000000000000000207667378000192CLAUDIO NORBERTO LUIZ LOPES             RUA PRESIDENTE KENNEDY 1276                    0000093800000SAPIRANGA      RS0000 000000000000003                       000007
1                0416070035008       45928                    0004592891                                   101PED10222662304150000000010135041     08N160415090000000000000300000000000000000000000000000000000000000000000211902586000104DISTRIBUIDORA DE CARNES MARCA DO PA     RUA SAO LEOPOLDO 153                           0000093180000PORTAO         RS0000 000000000000003                       000008
1                0416070035008       45964                    0004596447                                   101PED34426632704150000000043932041     08N170415090000000000001320000000000000000000000000000000000000000000000100085620742687ELISABETH GOMES DOS REIS                RUA BEIJA FLOR 180                             0000093700000CAMPO BOM      RS0000 000000000000003                       000009
1                0416070035008       45965                    0004596528                                   101PED10222662404150000000040884041     08N170415090000000000001230000000000000000000000000000000000000000000000219249776000178EVERALDO PEREIRA CAVALHEIRO             R DUQUE DE CAXIAS 440                          0000093180000PORTAO         RS0000 000000000000003                       000010
1                0416070035008       45901                    0004590163                                   101PED36726612304150000000013266041     08N160415090000000000000400000000000000000000000000000000000000000000000216811894000130EMERSON ANTONIO BLOCK                   RUA JOAO MOSMANN 281                           0000093700000PAROBE         RS0000 000000000000003                       000011
1                0416070035008       45929                    0004592972                                   101PED10212662904150000000015510041     08N160415090000000000000470000000000000000000000000000000000000000000000293216778000113FEIJOADA GRILL LTDA                     ESTRADA RS 240  KM 11,6 S/N                    0000093180000PORTAO         RS0000 000000000000003                       000012
1                0416070035008       45924                    0004592484                                   101PED10212662304150000000025706041     08N160415090000000000000770000000000000000000000000000000000000000000000210685403000175G V DE BONA RESTAURANTE LTDA            AV UNISINOS 950                                0000093022000SAO LEOPOLDO   RS0000 000000000000003                       000013
1                0416070035008       45937                    0004593707                                   101PED36726623004150000000020744041     08N160415090000000000000620000000000000000000000000000000000000000000000206203403000114GILMAR PROVENSI ME                      RUA HUMAITA 113                                0000093700000CAMPO BOM      RS0000 000000000000003                       000014
1                0416070035008       45933                    0004593391                                   101PED34426620705150000000016671041     08N160415090000000000000500000000000000000000000000000000000000000000000211047447000132ISABEL JORDANA DOS SANTOS SCHUKES       AV BRASIL 2412 SALA 19                         0000093700000CAMPO BOM      RS0000 000000000000003                       000015
1                0416070035008       45967                    0004596773                                   101PED021525/0905150000000040482041     08N180415090000000000001210000000000000000000000000000000000000000000000215168708000123JOCEMARA DOS SANTOS                     AVENIDA JOAO XXIII 261                         0000093700000CAMPO BOM      RS0000 000000000000003                       000016
1                0416070035008       45926                    0004592638                                   101PED10222663004150000000019170041     08N160415090000000000000580000000000000000000000000000000000000000000000215630371000124LEUSIR DIAS DE SIQUEIRA                 RUA SALGUEIRO 161                              0000093180000PORTAO         RS0000 000000000000003                       000017
1                0416070035008       45952                    0004595297                                   101PED78826632404150000000014455041     08N170415090000000000000430000000000000000000000000000000000000000000000211486085000186LUSO COMERCIAL LTDA                     RUA LAGEADO 154                                0000093880000NOVA HARTZ     RS0000 000000000000003                       000018
1                0416070035008       45936                    0004593626                                   101PED36726622304150000000011978041     08N160415090000000000000360000000000000000000000000000000000000000000000221276943000111MERCADO E CASA DE CARNES ZANCHET LT     RUA 11 DE ABRIL 106                            0000093700000CAMPO BOM      RS0000 000000000000003                       000019
1                0416070035008       45949                    0004594959                                   101PED40626620805150000000050895041     08N170415090000000000001530000000000000000000000000000000000000000000000211925151000177MARIBEL DA SILVA                        RUA PRESIDENTE KENNEDY 1820                    0000093800000SAPIRANGA      RS0000 000000000000003                       000020
1                0416070035008       45951                    0004595114                                   101PED78826630105150000000031655041     08N170415090000000000000950000000000000000000000000000000000000000000000221062144000142PAULO HENRIQUE BENKENSTEIN              RUA ORLANDO SILVA / HENRIQUE HOFMANN 99        0000093890000NOVA HARTZ     RS0000 000000000000003                       000021
1                0416070035008       45945                    0004594533                                   101PED37526622304150000000013700041     08N170415090000000000000410000000000000000000000000000000000000000000000210476128000180R E M LANCHES LTDA                      RUA JOAO MOSMANN 383                           0000095630000PAROBE         RS0000 000000000000003                       000022
1                0416070035008       45953                    0004595378                                   101PED36726612404150000000067951041     08N170415090000000000002040000000000000000000000000000000000000000000000204531537000139SERGIO DE ALMEIDA PINHEIRO              RUA PRIMEIRO MAIO 16                           0000095630000PAROBE         RS0000 000000000000003                       000023
1                0416070035008       45938                    0004593898                                   101PED34426621505150000000052835041     08N170415090000000000001590000000000000000000000000000000000000000000000220736019000108SUPERMERCADO OESTE LTDA                 RUA 24 DE NOVEMBRO 915                         0000093800000SAPIRANGA      RS0000 000000000000003                       000024
1                0416070035008       45935                    0004593545                                   101PED36726622304150000000030700041     08N160415090000000000000920000000000000000000000000000000000000000000000203368606000172SUPERMERCADO FORTIMASS LTDA             RUA ERNO EMILIO MATTE 36                       0000093700000CAMPO BOM      RS0000 000000000000003                       000025
1                0416070035008       45946                    0004594614                                   101PED40626622604150000000085304041     08N170415090000000000002560000000000000000000000000000000000000000000000290064387000132SERGIO SOUZA FIALHO ME                  RUA PRESIDENTE KENNEDY 184                     0000093800000SAPIRANGA      RS0000 000000000000003                       000026
1                0416070035008       45959                    0004595947                                   101PED36726630805150000000014548041     08N170415090000000000000440000000000000000000000000000000000000000000000208295434000178THIAGO EDUARDO ZOEHLER                  EST RS 239 2075                                0000093800000SAPIRANGA      RS0000 000000000000003                       000027
1                0416070035008       45950                    0004595033                                   101PED021486/0805150000000021213041     08N170415090000000000000640000000000000000000000000000000000000000000000208295434000178THIAGO EDUARDO ZOEHLER                  EST RS 239 2075                                0000093800000SAPIRANGA      RS0000 000000000000003                       000028
9                          0000000787314                                                                                                                                                                                                                                                                                                                                                                  000029
