01REMESSA                 0416070035008       DISTRIBUIDORA DE ALIMENTOS BIL041BANRISUL       210415                                                                                                                                                                                                                                                                                                      000001
1                0416070035008       45920                    0004592069                                   101PED021468/0705150000000017672041     08N160415090000000000000530000000000000000000000000000000000000000000000205656507000111ALAN JONAS RABELLO                      RUA SETE SETEMBRO 321                          0000093800000SAPIRANGA      RS0000 000000000000003                       000002
1                0416070035008       45942                    0004594207                                   101PED10192660105150000000022839041     08N170415090000000000000690000000000000000000000000000000000000000000000201968511000164ARCELIO PAULO BOTTEGA                   RUA ILHEUS 16                                  0000093800000SAPIRANGA      RS0000 000000000000003                       000003
1                0416070035008       45968                    0004596854                                   101PED37526631805150000000014547041     08N200415090000000000000440000000000000000000000000000000000000000000000288625686000823ASSOCIACAO EDUCADORA SAO CARLOS         RUA EMILIO L ESTEVES 1042                      0000095600000TAQUARA        RS0000 000000000000003                       000004
1                0416070035008       45980                    0004598008                                   101PED021540/1805150000000001998041     08N200415090000000000000060000000000000000000000000000000000000000000000291681361000368ASSOCIACAO CONGRECACAO SANTA CATARI     AV MAURICIO CARDOSO 711                        0000093510250NOVO HAMBURGO  RS0000 000000000000003                       000005
1                0416070035008       46003                    0004600304                                   101PED78826662604150000000022694041     08N200415090000000000000680000000000000000000000000000000000000000000000100022340483972ABEL DOS SANTOS // MINIMERCADO E BA     RUA GERMANO LEUCK 390                          0000093600000ESTANCIA VELHA RS0000 000000000000003                       000006
1                0416070035008       45979                    0004597923                                   101PED78826661805150000000042544041     08N200415090000000000001280000000000000000000000000000000000000000000000291681361000368ASSOCIACAO CONGRECACAO SANTA CATARI     AV MAURICIO CARDOSO 711                        0000093510250NOVO HAMBURGO  RS0000 000000000000003                       000007
1                0416070035008       45977                    0004597761                                   101PED78826661805150000000037985041     08N200415090000000000001140000000000000000000000000000000000000000000000291681361000368ASSOCIACAO CONGRECACAO SANTA CATARI     AV MAURICIO CARDOSO 711                        0000093510250NOVO HAMBURGO  RS0000 000000000000003                       000008
1                0416070035008       45975                    0004597508                                   101PED40626661105150000000013113041     08N200415090000000000000390000000000000000000000000000000000000000000000200837574000119ANTONIO WESZ ME                         RUA NOVA REPUBLICA 210                         0000093800000SAPIRANGA      RS0000 000000000000003                       000009
1                0416070035008       46012                    0004601211                                   101PED021556/1105150000000012170041     08N200415090000000000000370000000000000000000000000000000000000000000000205656507000111ALAN JONAS RABELLO                      RUA SETE SETEMBRO 321                          0000093800000SAPIRANGA      RS0000 000000000000003                       000010
1                0416070035008       45944                    0004594460                                   101PED10192662404150000000027406041     08N170415090000000000000820000000000000000000000000000000000000000000000100075627310049CRISTINE GOMES DE OLIVEIRA              RUA KRAEMER ECK 233                            0000093800000SAPIRANGA      RS0000 000000000000003                       000011
1                0416070035008       45990                    0004599098                                   101PED40626660405150000000020295041     08N200415090000000000000610000000000000000000000000000000000000000000000208234629000108COM DE ALIMENTOS FIEL LTDA              RUA ERNESTO ANTONIA DE PAULA 67                0000093800000SAPIRANGA      RS0000 000000000000003                       000012
1                0416070035008       46002                    0004600223                                   101PED78826662704150000000011846041     08N200415090000000000000360000000000000000000000000000000000000000000000214704543000102DEBORA DA ROSA PEDRO                    RUA RINCAO 904                                 0000093348460NOVO HAMBURGO  RS0000 000000000000003                       000013
1                0416070035008       46019                    0004601963                                   101PED34426660405150000000014194041     08N200415090000000000000430000000000000000000000000000000000000000000000218334776000103DEVOTO SUPERMERCADO LTDA                AV EMILIO VETTER 482                           0000093700000CAMPO BOM      RS0000 000000000000003                       000014
1                0416070035008       46008                    0004600894                                   101PED10192662704150000000039016041     08N200415090000000000001170000000000000000000000000000000000000000000000217836830000156EVA LOPES BAPTISTA                      RUA CAMPO GRANDE 130                           0000093800000SAPIRANGA      RS0000 000000000000003                       000015
1                0416070035008       45994                    0004599411                                   101PED40626661805150000000043847041     08N200415090000000000001320000000000000000000000000000000000000000000000297196687000114ECONOMIZE AGORA MERCADO LTDA            RUA PRESIDENTE KENNEDY 1039                    0000093800000SAPIRANGA      RS0000 000000000000003                       000016
1                0416070035008       45993                    0004599330                                   101PED40626661105150000000043846041     08N200415090000000000001320000000000000000000000000000000000000000000000297196687000114ECONOMIZE AGORA MERCADO LTDA            RUA PRESIDENTE KENNEDY 1039                    0000093800000SAPIRANGA      RS0000 000000000000003                       000017
1                0416070035008       46021                    0004602129                                   101PED34426662704150000000026324041     08N200415090000000000000790000000000000000000000000000000000000000000000209646582000152E V LANGUE PADARIA  CONFEITARIA LTD     RUA ALAGOAS S/N                                0000093800000SAPIRANGA      RS0000 000000000000003                       000018
1                0416070035008       45923                    0004592301                                   101PED34426620705150000000029773041     08N160415090000000000000890000000000000000000000000000000000000000000000214057410000183GOSTO DE FESTA LTDA ME                  RUA VISCONDE DE CAIRU 664                      0000093800000SAPIRANGA      RS0000 000000000000003                       000019
1                0416070035008       46025                    0004602536                                   101PED10212662704150000000014592041     08N200415090000000000000440000000000000000000000000000000000000000000000210685403000175G V DE BONA RESTAURANTE LTDA            AV UNISINOS 950                                0000093022000SAO LEOPOLDO   RS0000 000000000000003                       000020
1                0416070035008       46014                    0004601475                                   101PED34426661105150000000031947041     08N200415090000000000000960000000000000000000000000000000000000000000000214057410000183GOSTO DE FESTA LTDA ME                  RUA VISCONDE DE CAIRU 664                      0000093800000SAPIRANGA      RS0000 000000000000003                       000021
1                0416070035008       46022                    0004602218                                   101PED021559/0405150000000040800041     08N200415090000000000001220000000000000000000000000000000000000000000000210211963000198GALETO FAMIGLIA STAPASOLLA LTDA         RUA BENJAMIN CONSTANT 171                      0000093310110NOVO HAMBURGO  RS0000 000000000000003                       000022
1                0416070035008       46001                    0004600142                                   101PED40626660405150000000028326041     08N200415090000000000000850000000000000000000000000000000000000000000000203056808000189IVANIR PEDROSO DOS SANTOS               RUA GONZAGUINHA 225                            0000093800000SAPIRANGA      RS0000 000000000000003                       000023
1                0416070035008       45969                    0004596935                                   101PED021532/2704150000000024060041     08N200415090000000000000720000000000000000000000000000000000000000000000100089272722004IRACEMA STUM CAPONI                     RUA SAO LUIS 948                               0000093700000CAMPO BOM      RS0000 000000000000003                       000024
1                0416070035008       46040                    0004604024                                   101PED40626662804150000000069350041     08N210415090000000000002080000000000000000000000000000000000000000000000100000236371029JOSE MARIA PATRICIO DE ALMEIDA          RUA VITOR MATEUS TEIXEIRA 315                  0000093800000SAPIRANGA      RS0000 000000000000003                       000025
1                0416070035008       46039                    0004603958                                   101PED40626662804150000000069350041     08N210415090000000000002080000000000000000000000000000000000000000000000100000236371029JOSE MARIA PATRICIO DE ALMEIDA          RUA VITOR MATEUS TEIXEIRA 315                  0000093800000SAPIRANGA      RS0000 000000000000003                       000026
1                0416070035008       45988                    0004598830                                   101PED78826662704150000000104981041     08N200415090000000000003150000000000000000000000000000000000000000000000211216539000107KANTO DO LANCHE LANCHERIA LTDA          RUA VICENTE JORGE DA SILVA 116                 0000093600000ESTANCIA VELHA RS0000 000000000000003                       000027
1                0416070035008       45986                    0004598679                                   101PED78826661105150000000029612041     08N200415090000000000000890000000000000000000000000000000000000000000000214896334000108KRAEMER COM DE ALIMENTOS LTDA           RUA JOAO LOURENCO 590                          0000093600000ESTANCIA VELHA RS0000 000000000000003                       000028
1                0416070035008       45958                    0004595866                                   101PED021498/0105150000000058931041     08N170415090000000000001770000000000000000000000000000000000000000000000206788802000194LASIER M SCHUNKE                        RUA JUPITER 74                                 0000093800000SAPIRANGA      RS0000 000000000000003                       000029
1                0416070035008       46000                    0004600061                                   101PED34426661805150000000068062041     08N200415090000000000002040000000000000000000000000000000000000000000000214029919000112LUANA LEITE ME                          AV 20 SETEMBRO 2185                            0000093800000SAPIRANGA      RS0000 000000000000003                       000030
1                0416070035008       45995                    0004599586                                   101PED36726660405150000000038150041     08N200415090000000000001140000000000000000000000000000000000000000000000289954697000143LOCATELLI BASEGIO  CONTE E SBARDELO     ROD EST RS 239 4523                            0000093800000SAPIRANGA      RS0000 000000000000003                       000031
1                0416070035008       45919                    0004591984                                   101PED10192663004150000000011408041     08N160415090000000000000340000000000000000000000000000000000000000000000207735735000102MILLE COMERCIO DE ALIMENTOS LTDA        NU 239                                         0000093800000SAPIRANGA      RS0000 000000000000003                       000032
1                0416070035008       45996                    0004599667                                   101PED40626661805150000000023928041     08N200415090000000000000720000000000000000000000000000000000000000000000209635042000173MERCADO D BOFF LTDA                     RUA DOM PEDRO I 35                             0000093800000SAPIRANGA      RS0000 000000000000003                       000033
1                0416070035008       45987                    0004598768                                   101PED78826660405150000000051534041     08N200415090000000000001550000000000000000000000000000000000000000000000218285964000199MARINEZ ZANCHETTA DE OLIVEIRA           RUA SAO LUIZ 12                                0000093890000NOVA HARTZ     RS0000 000000000000003                       000034
1                0416070035008       45976                    0004597680                                   101PED36726662704150000000028418041     08N200415090000000000000850000000000000000000000000000000000000000000000209526715000157M JAPPE REST PIZZARIA LTDA              RUA PADRE DIOGO FEIJO 195                      0000093800000SAPIRANGA      RS0000 000000000000003                       000035
1                0416070035008       46007                    0004600711                                   101PED36726661105150000000033186041     08N200415090000000000001000000000000000000000000000000000000000000000000219740155000192MARLUCE KREWER DIEL                     AV JOAO CORREA 1563                            0000093800000SAPIRANGA      RS0000 000000000000003                       000036
1                0416070035008       46036                    0004603605                                   101PED36726660505150000000100994041     08N210415090000000000003030000000000000000000000000000000000000000000000209113206000100MARIZETE DE ANDRADE                     RUA CEL GENUINO SAMPAIO 397                    0000093800000SAPIRANGA      RS0000 000000000000003                       000037
1                0416070035008       45922                    0004592220                                   101PED34426623004150000000033430041     08N160415090000000000001000000000000000000000000000000000000000000000000290384793000182NELSON BRAGA MARCO                      RUA MAJOR BENTO ALVES 2259                     0000093800000SAPIRANGA      RS0000 000000000000003                       000038
1                0416070035008       45961                    0004596102                                   101PED021504/2404150000000036166041     08N170415090000000000001080000000000000000000000000000000000000000000000100058955003072NOELI COSTA                             RUA VISCONDE SAO LEOPOLDO 372                  0000093800000SAPIRANGA      RS0000 000000000000003                       000039
1                0416070035008       45985                    0004598598                                   101PED021541/2704150000000020893041     08N200415090000000000000630000000000000000000000000000000000000000000000100058955003072NOELI COSTA                             RUA VISCONDE SAO LEOPOLDO 372                  0000093800000SAPIRANGA      RS0000 000000000000003                       000040
1                0416070035008       46030                    0004603036                                   101PED10212661105150000000020389041     08N210415090000000000000610000000000000000000000000000000000000000000000210456447000123OLE ARMAZEM MEXICANO LTDA-ME            RUA SILVEIRA MARTINS 711                       0000093510310NOVO HAMBURGO  RS0000 000000000000003                       000041
1                0416070035008       45972                    0004597273                                   101PED34426660405150000000025981041     08N200415090000000000000780000000000000000000000000000000000000000000000294126448000108PADARIA CONF FERST LTDA                 RUA PRESIDENTE KENNEDY 234                     0000093800000SAPIRANGA      RS0000 000000000000003                       000042
1                0416070035008       45982                    0004598261                                   101PED34426662704150000000047582041     08N200415090000000000001430000000000000000000000000000000000000000000000274862079000104PAULO SOUZA RITTER                      RUA VICTOR HUGO KUNTZ 1982                     0000093534000NOVO HAMBURGO  RS0000 000000000000003                       000043
1                0416070035008       45973                    0004597354                                   101PED34426661805150000000032056041     08N200415090000000000000960000000000000000000000000000000000000000000000209512297000149PADARIA CONF NONNA ROMANA LTDA          RUA CARLOS BIEHL 79                            0000093800000SAPIRANGA      RS0000 000000000000003                       000044
1                0416070035008       45991                    0004599179                                   101PED40626661105150000000010706041     08N200415090000000000000320000000000000000000000000000000000000000000000213149887000126PEDRO PAULO ALVES BURGDURFF             AV 20 SETEMBRO 2348                            0000093800000SAPIRANGA      RS0000 000000000000003                       000045
1                0416070035008       46031                    0004603117                                   101PED36726660505150000000057785041     08N210415090000000000001730000000000000000000000000000000000000000000000209008192000157PONTO DE ALIMENTACAO KONRATH LTDA       RUA BERTHOLD KONRATH 370                       0000093700000CAMPO BOM      RS0000 000000000000003                       000046
1                0416070035008       45984                    0004598423                                   101PED40626661105150000000030460041     08N200415090000000000000910000000000000000000000000000000000000000000000218176182000111R R SILVA COMERCIO ALIMENTOS LTDA-M     RUA ERNESTO ANTONIO DE PAULA 339               0000093800000SAPIRANGA      RS0000 000000000000003                       000047
1                0416070035008       46017                    0004601718                                   101PED34426662704150000000021123041     08N200415090000000000000630000000000000000000000000000000000000000000000210810140000189RESTAURANTE EWALD LTDA                  RUA DUQUE CAXIAS 781                           0000093800000SAPIRANGA      RS0000 000000000000003                       000048
1                0416070035008       45931                    0004593138                                   101PED10192660705150000000013885041     08N160415090000000000000420000000000000000000000000000000000000000000000203776866000187SENSACOES MINIMERCADO LTDA              RUA TIRADENTES 701 SALA 02                     0000093800000SAPIRANGA      RS0000 000000000000003                       000049
1                0416070035008       45921                    0004592158                                   101PED34426623004150000000048331041     08N160415090000000000001450000000000000000000000000000000000000000000000213723133000138SOLANGE BEATRIZ DA SILVA                AV 20 SETEMBRO 5327                            0000093800000SAPIRANGA      RS0000 000000000000003                       000050
1                0416070035008       45943                    0004594398                                   101PED40626620805150000000119455041     08N170415090000000000003580000000000000000000000000000000000000000000000203303068000138SILVIA ADRIANA MOREIRA DE ALMEIDA M     RUA DUQUE DE CAXIAS 1328                       0000093800000SAPIRANGA      RS0000 000000000000003                       000051
1                0416070035008       45957                    0004595785                                   101PED37526620105150000000035729041     08N170415090000000000001070000000000000000000000000000000000000000000000297279350000170SOCIEDADE BENEFICIENTE SAPIRANGUENS     RUA GETULIO VARGAS 597                         0000093800000SAPIRANGA      RS0000 000000000000003                       000052
1                0416070035008       46011                    0004601130                                   101PED34426661805150000000061198041     08N200415090000000000001840000000000000000000000000000000000000000000000220736019000108SUPERMERCADO OESTE LTDA                 RUA 24 DE NOVEMBRO 915                         0000093800000SAPIRANGA      RS0000 000000000000003                       000053
1                0416070035008       46010                    0004601068                                   101PED34426661105150000000061199041     08N200415090000000000001840000000000000000000000000000000000000000000000220736019000108SUPERMERCADO OESTE LTDA                 RUA 24 DE NOVEMBRO 915                         0000093800000SAPIRANGA      RS0000 000000000000003                       000054
1                0416070035008       46009                    0004600975                                   101PED34426660405150000000061199041     08N200415090000000000001840000000000000000000000000000000000000000000000220736019000108SUPERMERCADO OESTE LTDA                 RUA 24 DE NOVEMBRO 915                         0000093800000SAPIRANGA      RS0000 000000000000003                       000055
1                0416070035008       45989                    0004598911                                   101PED78826661105150000000069381041     08N200415090000000000002080000000000000000000000000000000000000000000000205057981000127SEDENIR COSTA CURTA CORADI              RUA PORTAO 165                                 0000093600000ESTANCIA VELHA RS0000 000000000000003                       000056
1                0416070035008       45978                    0004597842                                   101PED40626661105150000000169976041     08N200415090000000000005100000000000000000000000000000000000000000000000203303068000138SILVIA ADRIANA MOREIRA DE ALMEIDA M     RUA DUQUE DE CAXIAS 1328                       0000093800000SAPIRANGA      RS0000 000000000000003                       000057
1                0416070035008       45981                    0004598180                                   101PED34426660405150000000149640041     08N200415090000000000004490000000000000000000000000000000000000000000000208287683000111SALETE IND COM DOCES SALGADOS LTDA      RUA GEN FLORES CUNHA 674                       0000093800000SAPIRANGA      RS0000 000000000000003                       000058
1                0416070035008       46024                    0004602463                                   101PED37526660405150000000024798041     08N200415090000000000000740000000000000000000000000000000000000000000000297279350000170SOCIEDADE BENEFICIENTE SAPIRANGUENS     RUA GETULIO VARGAS 597                         0000093800000SAPIRANGA      RS0000 000000000000003                       000059
1                0416070035008       45971                    0004597192                                   101PED36726661105150000000044958041     08N200415090000000000001350000000000000000000000000000000000000000000000208295434000178THIAGO EDUARDO ZOEHLER                  EST RS 239 2075                                0000093800000SAPIRANGA      RS0000 000000000000003                       000060
1                0416070035008       45970                    0004597028                                   101PED40626661105150000000013131041     08N200415090000000000000390000000000000000000000000000000000000000000000209005045000123VALQUIRIA F SABADINI EIRELI             RUA PRESIDENTE KENNEDY 1691                    0000093800000SAPIRANGA      RS0000 000000000000003                       000061
1                0416070035008       46032                    0004603206                                   101PED37526662804150000000023857041     08N210415090000000000000720000000000000000000000000000000000000000000000212689604000176VILSON LUIS CASTRO E SILVA              RUA ZUMBI DOS PALMARES 162                     0000093800000SAPIRANGA      RS0000 000000000000003                       000062
9                          0000002503046                                                                                                                                                                                                                                                                                                                                                                  000063
