01REMESSA                 0416070035008       DISTRIBUIDORA DE ALIMENTOS BIL041BANRISUL       230415                                                                                                                                                                                                                                                                                                      000001
1                0416070035008       46015                    0004601548                                   101PED10192660705150000000007475041     08N200415090000000000000220000000000000000000000000000000000000000000000287369799000176ASSOCIACAO BENEF IGREJINHA MANT HOS     RUA EDMUNDO LAUFFER 351                        0000095650000IGREJINHA      RS0000 000000000000003                       000002
1                0416070035008       46070                    0004607090                                   101PED10192660605150000000033307041     08N220415090000000000001000000000000000000000000000000000000000000000000207329710000109ALCIR J F ZANATTA                       RUA RAPOSO TAVARES 448                         0000093800000SAPIRANGA      RS0000 000000000000003                       000003
1                0416070035008       46103                    0004610385                                   101PED36726670605150000000018531041     08N220415090000000000000560000000000000000000000000000000000000000000000210708612000197ALEXSANDRO GOMES DE OLIVEIRA - ME       RUA VARZEA / GOMES 523                         0000093880000ARARICA        RS0000 000000000000003                       000004
1                0416070035008       46064                    0004606426                                   101PED10222660605150000000017967041     08N220415090000000000000540000000000000000000000000000000000000000000000202565373000135ADEMIR GHESLA -ME                       RUA 25 JULHO 4828                              0000093995000SANTA MARIA DO RS0000 000000000000003                       000005
1                0416070035008       46034                    0004603451                                   101PED10222660505150000000018481041     08N210415090000000000000550000000000000000000000000000000000000000000000290010851000108ANIVO HANSEN                            RUA 25 DE JULHO 759                            0000093995000SANTA MARIA DO RS0000 000000000000003                       000006
1                0416070035008       46063                    0004606345                                   101PED10222660605150000000009134041     08N220415090000000000000270000000000000000000000000000000000000000000000218036260000182ALESON SCHUH                            RUA BENO CLOSS 2550                            0000093995000SANTA MARIA DO RS0000 000000000000003                       000007
1                0416070035008       46067                    0004606752                                   101PED10222660505150000000015945041     08N220415090000000000000480000000000000000000000000000000000000000000000100042223563015ANTONIO FERREIRA CRUZ BAUENDAHL         SERTAO CAPIVARA 3051                           0000093940000LINDOLFO COLLORRS0000 000000000000003                       000008
1                0416070035008       46066                    0004606671                                   101PED10222661305150000000009048041     08N220415090000000000000270000000000000000000000000000000000000000000000293849339000148ASSOCIACAO ATIRADORES PIC 48 BAIXA      ESTRADA GERAL 4092                             0000093940000LINDOLFO COLLORRS0000 000000000000003                       000009
1                0416070035008       46098                    0004609808                                   101PED78826682005150000000030441041     08N220415090000000000000910000000000000000000000000000000000000000000000291681361000368ASSOCIACAO CONGRECACAO SANTA CATARI     AV MAURICIO CARDOSO 711                        0000093510250NOVO HAMBURGO  RS0000 000000000000003                       000010
1                0416070035008       46068                    0004606833                                   101PED021581/1305150000000019617041     08N220415090000000000000590000000000000000000000000000000000000000000000205656507000111ALAN JONAS RABELLO                      RUA SETE SETEMBRO 321                          0000093800000SAPIRANGA      RS0000 000000000000003                       000011
1                0416070035008       46054                    0004605438                                   101PED10212662804150000000016599041     08N210415090000000000000500000000000000000000000000000000000000000000000211267262000214BUFFET MAIS SABOR LTDA                  RUA JOAQUIN PEDRO SOARES 509                   0000093510320NOVO HAMBURGO  RS0000 000000000000003                       000012
1                0416070035008       46051                    0004605195                                   101PED37526660505150000000017362041     08N210415090000000000000520000000000000000000000000000000000000000000000207764075000198BAR BRASIL SCHUNKE LTDA                 AV SAO MIGUEL 555 SL 01                        0000093950000DOIS IRMAOS    RS0000 000000000000003                       000013
1                0416070035008       46060                    0004606000                                   101PED10212660605150000000025340041     08N220415090000000000000760000000000000000000000000000000000000000000000293342244000133BASEGIO E SBARDELOTTO LTDA              AV PAROBE 4365                                 0000093140000SAO LEOPOLDO   RS0000 000000000000003                       000014
1                0416070035008       46058                    0004605845                                   101PED10212660505150000000010700041     08N210415090000000000000320000000000000000000000000000000000000000000000211267262000133BUFFET MAIS SABOR LTDA                  AV PRESIDENTE VARGAS 45                        0000093600000ESTANCIA VELHA RS0000 000000000000003                       000015
1                0416070035008       46115                    0004611527                                   101PED36726682904150000000080229041     08N220415090000000000002410000000000000000000000000000000000000000000000207772038000121CATIANA MARIA PAZ ME                    RUA PADRE REUS 278                             0000093800000SAPIRANGA      RS0000 000000000000003                       000016
1                0416070035008       46018                    0004601882                                   101PED10192661105150000000015780041     08N200415090000000000000470000000000000000000000000000000000000000000000214182773000140CATIANE NEVES                           RUA THEOBALDO GUILHERME LANZ 876               0000095650000IGREJINHA      RS0000 000000000000003                       000017
1                0416070035008       46090                    0004609077                                   101PED10192662904150000000014686041     08N220415090000000000000440000000000000000000000000000000000000000000000217485219000120CRISTIANO KIPPER ME                     RUA SINIMBU 219                                0000093800000SAPIRANGA      RS0000 000000000000003                       000018
1                0416070035008       46057                    0004605764                                   101PED36726661205150000000040483041     08N210415090000000000001210000000000000000000000000000000000000000000000294686292000101COM DE ALIMENTOS WERNER LTDA            AV SAO LEOPOLDO 1641                           0000093700000CAMPO BOM      RS0000 000000000000003                       000019
1                0416070035008       46056                    0004605683                                   101PED36726661205150000000040484041     08N210415090000000000001210000000000000000000000000000000000000000000000294686292000101COM DE ALIMENTOS WERNER LTDA            AV SAO LEOPOLDO 1641                           0000093700000CAMPO BOM      RS0000 000000000000003                       000020
1                0416070035008       46050                    0004605012                                   101PED37526662804150000000046688041     08N210415090000000000001400000000000000000000000000000000000000000000000214429624000133CENTER GRILL REST PIZZA LTDA  CENTR     AVENIDA SAO MIGUEL 555                         0000093950000DOIS IRMAOS    RS0000 000000000000003                       000021
1                0416070035008       45845                    0004584554                                   101PED78826602904150000000078680041     08N150415090000000000002360000000000000000000000000000000000000000000000213677640000182CASA DE CARNES PARANA LTDA              RUA JOAO ALOYSIO ALGAYER 3780                  0000093490000NOVO HAMBURGO  RS0000 000000000000003                       000022
1                0416070035008       45846                    0004584635                                   101PED78826600605150000000078680041     08N150415090000000000002360000000000000000000000000000000000000000000000213677640000182CASA DE CARNES PARANA LTDA              RUA JOAO ALOYSIO ALGAYER 3780                  0000093490000NOVO HAMBURGO  RS0000 000000000000003                       000023
1                0416070035008       46100                    0004610040                                   101PED78826670605150000000012238041     08N220415090000000000000370000000000000000000000000000000000000000000000213677640000182CASA DE CARNES PARANA LTDA              RUA JOAO ALOYSIO ALGAYER 3780                  0000093490000NOVO HAMBURGO  RS0000 000000000000003                       000024
1                0416070035008       46028                    0004602870                                   101PED10192660505150000000105799041     08N210415090000000000003170000000000000000000000000000000000000000000000100086760092015DEBORA CRISTINA AZEVEDO FERNANDES       RUA 7 DE JUNHO 96                              0000095650000IGREJINHA      RS0000 000000000000003                       000025
1                0416070035008       46099                    0004609980                                   101PED78826670605150000000030416041     08N220415090000000000000910000000000000000000000000000000000000000000000210510594000134DEISE L DA ROCHA MENDES MINIMERCADO     RUA ALBANO GUILHERME KONRATH 400               0000093490000NOVO HAMBURGO  RS0000 000000000000003                       000026
1                0416070035008       45960                    0004596021                                   101PED10192661704150000000012766041     08N170415090000000000000380000000000000000000000000000000000000000000000217836830000156EVA LOPES BAPTISTA                      RUA CAMPO GRANDE 130                           0000093800000SAPIRANGA      RS0000 000000000000003                       000027
1                0416070035008       46107                    0004610792                                   101PED021593/2904150000000022805041     08N220415090000000000000680000000000000000000000000000000000000000000000100066549760020ELOIDES DA SILVA LOCADIO                RUA RUBENS REINALDO KLEIN 51                   0000093800000SAPIRANGA      RS0000 000000000000003                       000028
1                0416070035008       46104                    0004610466                                   101PED10192660605150000000045875041     08N220415090000000000001380000000000000000000000000000000000000000000000204120993000196ELOI MARTIN GRADE                       RUA ELIS REGINA 251                            0000093800000SAPIRANGA      RS0000 000000000000003                       000029
1                0416070035008       46077                    0004607740                                   101PED10192661305150000000018502041     08N220415090000000000000560000000000000000000000000000000000000000000000212383760000104FLOR E TRENTIN LTDA ME                  RUA ELDORADO 03                                0000093800000SAPIRANGA      RS0000 000000000000003                       000030
1                0416070035008       46093                    0004609328                                   101PED34426672904150000000022933041     08N220415090000000000000690000000000000000000000000000000000000000000000217441840000192FONSECA E KENDZIERSKI LTDA              AV BRASIL 2236                                 0000093700000CAMPO BOM      RS0000 000000000000003                       000031
1                0416070035008       46027                    0004602706                                   101PED021552/0405150000000053949041     08N200415090000000000001620000000000000000000000000000000000000000000000217082606000116GISLAINE MILANI NADALON - ME            RUA PEDRO NUNES 43                             0000095630000PAROBE         RS0000 000000000000003                       000032
1                0416070035008       46075                    0004607589                                   101PED34426681305150000000009132041     08N220415090000000000000270000000000000000000000000000000000000000000000214057410000183GOSTO DE FESTA LTDA ME                  RUA VISCONDE DE CAIRU 664                      0000093800000SAPIRANGA      RS0000 000000000000003                       000033
1                0416070035008       46088                    0004608828                                   101PED36726670605150000000094539041     08N220415090000000000002840000000000000000000000000000000000000000000000205196645000165GALLAS MINIMERCADO LTDA                 RUA TRES COROAS 680                            0000095630000PAROBE         RS0000 000000000000003                       000034
1                0416070035008       46042                    0004604288                                   101PED78826672604150000000056570041     08N210415090000000000001700000000000000000000000000000000000000000000000219170920000186HOMEM RODRIGUES SUPERMERCADO            RUA ALFREDO KRUMENNAUER 282                    0000093700000CAMPO BOM      RS0000 000000000000003                       000035
1                0416070035008       46055                    0004605500                                   101PED34426661205150000000043771041     08N210415090000000000001310000000000000000000000000000000000000000000000213411796000117HELION CLAYTON CAMARGO LANCH            RUA VOLUNTARIOS DA PATRIA   445 445            0000093700000CAMPO BOM      RS0000 000000000000003                       000036
1                0416070035008       46043                    0004604369                                   101PED78826671905150000000005375041     08N210415090000000000000160000000000000000000000000000000000000000000000207783693000185HAAG E FILHOS LTDA                      RUA JOAO FRITSCH 911                           0000093700000CAMPO BOM      RS0000 000000000000003                       000037
1                0416070035008       46038                    0004603869                                   101PED37526661205150000000055870041     08N210415090000000000001680000000000000000000000000000000000000000000000289891337000220HOSPITAL DE CARIDADE SAO ROQUE          RUA OSVALDO CRUZ 116                           0000093700000CAMPO BOM      RS0000 000000000000003                       000038
1                0416070035008       46078                    0004607821                                   101PED37526681305150000000064640041     08N220415090000000000001940000000000000000000000000000000000000000000000287115838000290INSTITUICAO ADVENTISTA SUL RIOGRAND     AV SEBASTIAO AMORETTI 2130                     0000095600000TAQUARA        RS0000 000000000000003                       000039
1                0416070035008       46020                    0004602048                                   101PED021539/2704150000000081967041     08N200415090000000000002460000000000000000000000000000000000000000000000208803039000159JOSE UBIRATAN RODRIGUES                 RUA VERA CRUZ 607                              0000095630000PAROBE         RS0000 000000000000003                       000040
1                0416070035008       46105                    0004610539                                   101PED36726682804150000000076101041     08N220415090000000000002280000000000000000000000000000000000000000000000220937709000125JEISON MICHAEL DA SILVA                 ASSOCIACAO 119                                 0000095630000PAROBE         RS0000 000000000000003                       000041
1                0416070035008       46082                    0004608240                                   101PED37526672804150000000011450041     08N220415090000000000000340000000000000000000000000000000000000000000000208803039000159JOSE UBIRATAN RODRIGUES                 RUA VERA CRUZ 607                              0000095630000PAROBE         RS0000 000000000000003                       000042
1                0416070035008       46094                    0004609492                                   101PED34426662704150000000016735041     08N220415090000000000000500000000000000000000000000000000000000000000000215346457000120JULIO CEZAR ELOY                        AV DOS MUNICIPIOS 2400                         0000093700000CAMPO BOM      RS0000 000000000000003                       000043
1                0416070035008       46130                    0004613015                                   101PED40626682804150000000013925041     08N220415090000000000000420000000000000000000000000000000000000000000000221357698000177L M MORAIS EMPREENDIMENTOS              RUA PAVOES 309                                 0000093800000SAPIRANGA      RS0000 000000000000003                       000044
1                0416070035008       46079                    0004607902                                   101PED10192662904150000000031173041     08N220415090000000000000940000000000000000000000000000000000000000000000219483458000177LANCHERIA E MERCADO SCHUCH EIRELI M     RUA WALTER BRUNO KLEIN 1250                    0000093800000SAPIRANGA      RS0000 000000000000003                       000045
1                0416070035008       46106                    0004610628                                   101PED36726681305150000000080915041     08N220415090000000000002430000000000000000000000000000000000000000000000100001702737098LUIS ANTONIO BERNARDI SHENKEL           RUA JOSE FERREIRA DE MATOS 201                 0000094000000PAROBE         RS0000 000000000000003                       000046
1                0416070035008       46086                    0004608658                                   101PED37526680605150000000029014041     08N220415090000000000000870000000000000000000000000000000000000000000000211433966000139L D N RESTAURANTE LTDA                  AV SEBASTIAO AMORETTI 3535                     0000095600000TAQUARA        RS0000 000000000000003                       000047
1                0416070035008       46101                    0004610121                                   101PED78826671305150000000030354041     08N220415090000000000000910000000000000000000000000000000000000000000000287344479000161LEIO U MOEHLECKE E CIA LTDA             RUA JOAO ALOYSIO ALGAYER 1185                  0000093490000NOVO HAMBURGO  RS0000 000000000000003                       000048
1                0416070035008       46035                    0004603524                                   101PED021561/0405150000000014620041     08N210415090000000000000440000000000000000000000000000000000000000000000206788802000194LASIER M SCHUNKE                        RUA JUPITER 74                                 0000093800000SAPIRANGA      RS0000 000000000000003                       000049
1                0416070035008       46033                    0004603370                                   101PED40626660505150000000271207041     08N210415090000000000008140000000000000000000000000000000000000000000000221534989000193MOINHO PIZZARIA E EVENTOS LTDA-ME       AV SEBASTIAO AMORETI 1679                      0000095600000TAQUARA        RS0000 000000000000003                       000050
1                0416070035008       46023                    0004602382                                   101PED10192662704150000000030905041     08N200415090000000000000930000000000000000000000000000000000000000000000219252926000100MARIA SANADIR JANCEN KRAUSE             R ARLINDO HUFF 137                             0000095660000TRES COROAS    RS0000 000000000000003                       000051
1                0416070035008       46083                    0004608321                                   101PED10192660605150000000014260041     08N220415090000000000000430000000000000000000000000000000000000000000000274798109000152MILTON FLOR                             RUA MARIO QUINTANA 161                         0000093800000SAPIRANGA      RS0000 000000000000003                       000052
1                0416070035008       46071                    0004607171                                   101PED10192660605150000000011070041     08N220415090000000000000330000000000000000000000000000000000000000000000292324052000131MERCADO PADARIA SANTA FE LTDA           RUA AFRANIO PEIXOTO 554                        0000093800000SAPIRANGA      RS0000 000000000000003                       000053
1                0416070035008       46087                    0004608739                                   101PED78826672005150000000015008041     08N220415090000000000000450000000000000000000000000000000000000000000000209451661000108MARCOS EUGENIO GREVER                   RUA INTEGRACAO 185                             0000093890000NOVA HARTZ     RS0000 000000000000003                       000054
1                0416070035008       46052                    0004605276                                   101PED10222660505150000000024408041     08N210415090000000000000730000000000000000000000000000000000000000000000206166886000124MINIMERCADO HAUBERT LTDA - ME           RUA 25 DE JULHO 485                            0000093995000SANTA MARIA DO RS0000 000000000000003                       000055
1                0416070035008       46053                    0004605357                                   101PED10222660505150000000014340041     08N210415090000000000000430000000000000000000000000000000000000000000000205443657000147MINI MERCADO E LANCHERIA ARNHOLD LT     RUA 25 DE JULHO 12951                          0000093995000SANTA MARIA DO RS0000 000000000000003                       000056
1                0416070035008       46046                    0004604695                                   101PED10222662604150000000030537041     08N210415090000000000000920000000000000000000000000000000000000000000000207211936000100MERCADO KIELING LTDA                    RUA REINALDO KIELING 45                        0000093990000MORRO REUTER   RS0000 000000000000003                       000057
1                0416070035008       46096                    0004609646                                   101PED34426681305150000000034204041     08N220415090000000000001030000000000000000000000000000000000000000000000217637689000162MARA SILVANA DA SILVA                   RUA 9  / ITAIPU 63/300                         0000093700000CAMPO BOM      RS0000 000000000000003                       000058
1                0416070035008       46045                    0004604512                                   101PED10222662804150000000023751041     08N210415090000000000000710000000000000000000000000000000000000000000000221418169000136MERCADO E ACOUGUE FERMINO LTDA ME       RUA CAXIAS DO SUL 100                          0000093900000IVOTI          RS0000 000000000000003                       000059
1                0416070035008       46061                    0004606183                                   101PED78826660605150000000021272041     08N220415090000000000000640000000000000000000000000000000000000000000000207742713000170MINIMERCADO BOM SUCESSO LTDA            RUA SAO PAULO 190                              0000093600000ESTANCIA VELHA RS0000 000000000000003                       000060
1                0416070035008       46073                    0004607333                                   101PED37526660405150000000020340041     08N220415090000000000000610000000000000000000000000000000000000000000000211057158000114PIZZARIA EVANIO ERICA LTDA              RUA QUINTINO BOCAIUVA 182                      0000093800000SAPIRANGA      RS0000 000000000000003                       000061
1                0416070035008       46089                    0004608992                                   101PED40626670505150000000061602041     08N220415090000000000001850000000000000000000000000000000000000000000000211109730000141PAULO LOCATELLI MINIMERCADO             RUA JANDIRA GRANDI 26                          0000093800000SAPIRANGA      RS0000 000000000000003                       000062
1                0416070035008       46037                    0004603788                                   101PED78826660505150000000014696041     08N210415090000000000000440000000000000000000000000000000000000000000000208100496000187PADARIA CONF SCHARDONG LTDA             AV PRESIDENTE VARGAS 156                       0000093700000ESTANCIA VELHA RS0000 000000000000003                       000063
1                0416070035008       46044                    0004604458                                   101PED10222662804150000000011473041     08N210415090000000000000340000000000000000000000000000000000000000000000210909589000107PADARIA E CONFEITARIA CONFE LTDA        AV CAPIVARA 1643                               0000093900000IVOTI          RS0000 000000000000003                       000064
1                0416070035008       46048                    0004604857                                   101PED78826660505150000000010496041     08N210415090000000000000310000000000000000000000000000000000000000000000210559891000174PADARIA ACOUGUE MERC CHARDON LTDA       RUA BENJAMIN ALTMAYER 369                      0000093351100NOVO HAMBURGO  RS0000 000000000000003                       000065
1                0416070035008       46047                    0004604776                                   101PED34426660505150000000024274041     08N210415090000000000000730000000000000000000000000000000000000000000000202505236000105PADARIA CONF. E LANC. 7 DE SETEMBRO     RUA MAJOR BENTO ALVES, 358                     0000093800000SAPIRANGA      RS0000 000000000000003                       000066
1                0416070035008       46081                    0004608178                                   101PED37526662704150000000011340041     08N220415090000000000000340000000000000000000000000000000000000000000000210476128000180R E M LANCHES LTDA                      RUA JOAO MOSMANN 383                           0000095630000PAROBE         RS0000 000000000000003                       000067
1                0416070035008       46062                    0004606264                                   101PED34426672704150000000010560041     08N220415090000000000000320000000000000000000000000000000000000000000000218737552000142RODRIGO GIELOW                          AVENIDA DO PARQUE 1381                         0000093950000DOIS IRMAOS    RS0000 000000000000003                       000068
1                0416070035008       46026                    0004602617                                   101PED10192661105150000000014184041     08N200415090000000000000430000000000000000000000000000000000000000000000210704493000102SUPERMERCADO VITORIA MELLO LTDA         AV FERNANDO FERRARI 640                        0000095650000TRES COROAS    RS0000 000000000000003                       000069
1                0416070035008       46016                    0004601629                                   101PED10192660405150000000010770041     08N200415090000000000000320000000000000000000000000000000000000000000000218387256000169SERGIO A R DE SOUZA                     RUA DAS PEDREIRAS 463                          0000095650000IGREJINHA      RS0000 000000000000003                       000070
1                0416070035008       46085                    0004608577                                   101PED78826670605150000000012744041     08N220415090000000000000380000000000000000000000000000000000000000000000209512846000185SUPERMERCADO SADYNE LTDA                RUA HENRIQUE HOFFMANN 2665                     0000093890000NOVA HARTZ     RS0000 000000000000003                       000071
1                0416070035008       46041                    0004604105                                   101PED78826671905150000000048329041     08N210415090000000000001450000000000000000000000000000000000000000000000205753092000102SUPERMERCADO INDEPENDENCIA LTDA         RUA INDEPENDENCIA 1151                         0000093700000CAMPO BOM      RS0000 000000000000003                       000072
1                0416070035008       46072                    0004607252                                   101PED36726671305150000000065647041     08N220415090000000000001970000000000000000000000000000000000000000000000201240600000190SUPERMERCADO GUARANI LTDA               RUA SANTA CRISTINA 302                         0000095630000PAROBE         RS0000 000000000000003                       000073
1                0416070035008       46065                    0004606590                                   101PED10222660605150000000021391041     08N220415090000000000000640000000000000000000000000000000000000000000000203647571000100SUPERMERCADO KUNST LTDA                 RUA 12 DE MAIO 293                             0000093915000SANTA MARIA DO RS0000 000000000000003                       000074
1                0416070035008       46097                    0004609727                                   101PED37526682005150000000033832041     08N220415090000000000001020000000000000000000000000000000000000000000000212097005000163SR REFEICOES LTDA                       ROD 239 KM 76 7001 PAV 01                      0000093700000CAMPO BOM      RS0000 000000000000003                       000075
1                0416070035008       46049                    0004604938                                   101PED10192661205150000000017890041     08N210415090000000000000540000000000000000000000000000000000000000000000203776866000187SENSACOES MINIMERCADO LTDA              RUA TIRADENTES 701 SALA 02                     0000093800000SAPIRANGA      RS0000 000000000000003                       000076
1                0416070035008       46076                    0004607678                                   101PED36726680605150000000043136041     08N220415090000000000001290000000000000000000000000000000000000000000000213693941000108TEREZINHA INEZ HEISLER                  RUA SANTO ANTONIO DA PATRULIA 1252             0000095600000TAQUARA        RS0000 000000000000003                       000077
1                0416070035008       46080                    0004608089                                   101PED37526670605150000000011010041     08N220415090000000000000330000000000000000000000000000000000000000000000292728716000128VANDERLEI MENDES DE OLIVEIRA            RUA GUILHERME LAHM 1374                        0000095600000TAQUARA        RS0000 000000000000003                       000078
1                0416070035008       46095                    0004609565                                   101PED37526682005150000000105668041     08N220415090000000000003170000000000000000000000000000000000000000000000210567794000123VIVIAN BECKER                           RUA SANTO INACIO DE LOIOLA 20                  0000093700000CAMPO BOM      RS0000 000000000000003                       000079
1                0416070035008       46069                    0004606914                                   101PED10192660605150000000043078041     08N220415090000000000001290000000000000000000000000000000000000000000000202357083000104VALDECI SANTOS DA CONCEICAO             RUA PRESIDENTE KENNEDY 2022                    0000093800000SAPIRANGA      RS0000 000000000000003                       000080
9                          0000002770513                                                                                                                                                                                                                                                                                                                                                                  000081
